[
  {
    "code": "196A",
    "name": "ＭＦＳ",
    "annual_data": [
      {
        "date": "2024/06/28",
        "per": -1,
        "pbr": 1.64,
        "is_per_red": true,
        "is_pbr_red": false
      }
    ],
    "daily_data": [],
    "financial_data": [
      {
        "fiscal_year": "2019/06",
        "sales": 183.0,
        "ordinary_profit": -174.0,
        "net_profit": -187.0,
        "roe": -48.18,
        "operating_margin": -1
      },
      {
        "fiscal_year": "2020/06",
        "sales": 250.0,
        "ordinary_profit": -171.0,
        "net_profit": -187.0,
        "roe": -44.98,
        "operating_margin": -1
      },
      {
        "fiscal_year": "2021/06",
        "sales": 505.0,
        "ordinary_profit": -230.0,
        "net_profit": -231.0,
        "roe": -43.12
      },
      {
        "fiscal_year": "2022/06",
        "sales": 844.0,
        "operating_profit": -547.0,
        "ordinary_profit": -552.0,
        "net_profit": -556.0,
        "eps": -556.0,
        "roe": -103.58,
        "roa": -1,
        "operating_margin": -1,
        "cost_ratio": -64.87,
        "sga_ratio": 33.75
      },
      {
        "fiscal_year": "2023/06",
        "sales": 1610.0000000000002,
        "operating_profit": -140.0,
        "ordinary_profit": -147.0,
        "net_profit": -150.0,
        "eps": -150.0,
        "roe": -23.49,
        "roa": -1,
        "operating_margin": -1,
        "cost_ratio": -8.68,
        "sga_ratio": 26.03
      },
      {
        "fiscal_year": "2024/06",
        "sales": 1889.9999999999998,
        "operating_profit": -111.0,
        "ordinary_profit": -144.0,
        "net_profit": -122.0,
        "eps": -122.0,
        "roe": -18.86,
        "roa": -1,
        "operating_margin": -1,
        "cost_ratio": -5.86,
        "sga_ratio": 18.24
      },
      {
        "fiscal_year": "2025/06",
        "sales": 2400.0,
        "operating_profit": 69.0,
        "ordinary_profit": 59.0,
        "net_profit": 37.0,
        "roe": 4.08,
        "roa": 1.77,
        "operating_margin": 1.54,
        "cost_ratio": 2.88
      }
    ],
    "dividend_data": [
      {
        "fiscal_year": "2023/03",
        "total_dividend": 0.0
      },
      {
        "fiscal_year": "2024/03",
        "total_dividend": 0.0,
        "dividend_yield": 0.0
      }
    ]
  },
  {
    "code": "2388",
    "name": "ウェッジホールディングス",
    "annual_data": [
      {
        "date": "2010/09/30",
        "per": 8.8,
        "pbr": 0.8,
        "is_per_red": false,
        "is_pbr_red": false
      },
      {
        "date": "2011/09/30",
        "per": 12.33,
        "pbr": 0.51,
        "is_per_red": false,
        "is_pbr_red": false
      },
      {
        "date": "2012/09/28",
        "per": 10.2,
        "pbr": 0.4,
        "is_per_red": false,
        "is_pbr_red": false
      },
      {
        "date": "2013/09/30",
        "per": 17.74,
        "pbr": 1.55,
        "is_per_red": false,
        "is_pbr_red": false
      },
      {
        "date": "2014/09/30",
        "per": 63.51,
        "pbr": 0.86,
        "is_per_red": false,
        "is_pbr_red": false
      },
      {
        "date": "2015/09/30",
        "per": 11.83,
        "pbr": 1.38,
        "is_per_red": false,
        "is_pbr_red": false
      },
      {
        "date": "2016/09/30",
        "per": 34.24,
        "pbr": 1.94,
        "is_per_red": false,
        "is_pbr_red": false
      },
      {
        "date": "2017/09/29",
        "per": -1,
        "pbr": 2.56,
        "is_per_red": true,
        "is_pbr_red": false
      },
      {
        "date": "2018/09/28",
        "per": 103.83,
        "pbr": 0.98,
        "is_per_red": false,
        "is_pbr_red": false
      },
      {
        "date": "2019/09/30",
        "per": -1,
        "pbr": 0.55,
        "is_per_red": true,
        "is_pbr_red": false
      },
      {
        "date": "2020/09/30",
        "per": -1,
        "pbr": 1.06,
        "is_per_red": true,
        "is_pbr_red": false
      },
      {
        "date": "2021/09/30",
        "per": -1,
        "pbr": 0.96,
        "is_per_red": true,
        "is_pbr_red": false
      },
      {
        "date": "2022/09/30",
        "per": 78.57,
        "pbr": 1.49,
        "is_per_red": false,
        "is_pbr_red": false
      },
      {
        "date": "2023/09/29",
        "per": -1,
        "pbr": 1.53,
        "is_per_red": true,
        "is_pbr_red": false
      },
      {
        "date": "2024/09/30",
        "per": -1,
        "pbr": 0.92,
        "is_per_red": true,
        "is_pbr_red": false
      }
    ],
    "daily_data": [],
    "financial_data": [
      {
        "fiscal_year": "2008/09",
        "sales": 2140.0,
        "operating_profit": 62.0,
        "ordinary_profit": 146.0,
        "net_profit": 82.0,
        "roa": 5.9,
        "operating_margin": 3.23,
        "cost_ratio": 2.91,
        "sga_ratio": 65.36
      },
      {
        "fiscal_year": "2009/09",
        "sales": 927.9999999999999,
        "operating_profit": 137.0,
        "ordinary_profit": 322.0,
        "net_profit": 204.0,
        "roa": 7.94,
        "operating_margin": 2.59,
        "cost_ratio": 14.8
      },
      {
        "fiscal_year": "2010/09",
        "sales": 3700.0,
        "operating_profit": 802.9999999999999,
        "ordinary_profit": 761.0,
        "net_profit": 370.0,
        "roe": 14.66,
        "roa": 9.12,
        "operating_margin": 3.67,
        "cost_ratio": 21.69
      },
      {
        "fiscal_year": "2011/09",
        "sales": 3729.9999999999995,
        "operating_profit": 1040.0,
        "ordinary_profit": 924.0,
        "net_profit": 175.0,
        "eps": 283.0,
        "roe": 6.49,
        "roa": 4.11,
        "operating_margin": 1.85,
        "cost_ratio": 27.83,
        "sga_ratio": 32.79
      },
      {
        "fiscal_year": "2012/09",
        "sales": 3320.0000000000005,
        "operating_profit": 843.0,
        "ordinary_profit": 894.0,
        "net_profit": 172.0,
        "eps": 602.0,
        "roe": 6.37,
        "roa": 3.88,
        "operating_margin": 1.65,
        "cost_ratio": 25.38,
        "sga_ratio": 32.67
      },
      {
        "fiscal_year": "2013/09",
        "sales": 4880.0,
        "operating_profit": 791.0,
        "ordinary_profit": 858.0,
        "net_profit": 491.0,
        "eps": 2120.0,
        "roe": 18.15,
        "roa": 8.68,
        "operating_margin": 2.56,
        "cost_ratio": 16.23,
        "sga_ratio": 26.61
      },
      {
        "fiscal_year": "2014/09",
        "sales": 6000.0,
        "operating_profit": 311.0,
        "ordinary_profit": 390.0,
        "net_profit": 81.0,
        "eps": 944.0,
        "roe": 2.96,
        "roa": 1.35,
        "operating_margin": 0.29,
        "cost_ratio": 5.19,
        "sga_ratio": 29.18
      },
      {
        "fiscal_year": "2015/09",
        "sales": 8690.0,
        "operating_profit": 1630.0,
        "ordinary_profit": 1910.0000000000002,
        "net_profit": 842.0,
        "eps": 2450.0,
        "roe": 30.86,
        "roa": 11.68,
        "operating_margin": 2.31,
        "cost_ratio": 18.79,
        "sga_ratio": 21.38
      },
      {
        "fiscal_year": "2016/09",
        "sales": 9290.0,
        "operating_profit": 3290.0,
        "ordinary_profit": 3100.0,
        "net_profit": 584.0,
        "eps": -1950.0,
        "roe": 17.29,
        "roa": 5.44,
        "operating_margin": 1.16,
        "cost_ratio": 35.41,
        "sga_ratio": 12.37
      },
      {
        "fiscal_year": "2017/09",
        "sales": 10000.0,
        "operating_profit": 3229.9999999999995,
        "ordinary_profit": -2450.0,
        "net_profit": -4000.0,
        "eps": -8130.0,
        "roe": -113.17,
        "roa": -1,
        "operating_margin": -1,
        "cost_ratio": 32.19,
        "sga_ratio": 12.47
      },
      {
        "fiscal_year": "2018/09",
        "sales": 10000.0,
        "operating_profit": 1830.0,
        "ordinary_profit": 1480.0,
        "net_profit": 74.0,
        "eps": 974.0,
        "roe": 2.09,
        "roa": 0.94,
        "operating_margin": 0.15,
        "cost_ratio": 18.34,
        "sga_ratio": 15.39
      },
      {
        "fiscal_year": "2019/09",
        "sales": 9320.0,
        "operating_profit": 599.0,
        "ordinary_profit": 213.0,
        "net_profit": -448.00000000000006,
        "eps": -252.0,
        "roe": -12.53,
        "roa": -1,
        "operating_margin": -1,
        "cost_ratio": 6.43,
        "sga_ratio": 17.76
      },
      {
        "fiscal_year": "2020/09",
        "sales": 7750.0,
        "operating_profit": 342.0,
        "ordinary_profit": -340.0,
        "net_profit": -1839.9999999999998,
        "eps": -5110.0,
        "roe": -51.44,
        "roa": -1,
        "operating_margin": -1,
        "cost_ratio": 4.42,
        "sga_ratio": 16.54
      },
      {
        "fiscal_year": "2021/09",
        "sales": 5770.0,
        "operating_profit": 227.0,
        "ordinary_profit": -393.0,
        "net_profit": -1180.0,
        "eps": -3570.0000000000005,
        "roe": -33.09,
        "roa": -1,
        "operating_margin": -1,
        "cost_ratio": 3.93,
        "sga_ratio": 13.16
      },
      {
        "fiscal_year": "2022/09",
        "sales": 683.0,
        "operating_profit": 85.0,
        "ordinary_profit": 161.0,
        "net_profit": 55.00000000000001,
        "eps": -749.0,
        "roe": 1.54,
        "roa": 1.9,
        "operating_margin": 1.57,
        "cost_ratio": 12.5,
        "sga_ratio": 59.82
      },
      {
        "fiscal_year": "2023/09",
        "sales": 766.0,
        "operating_profit": 37.0,
        "ordinary_profit": -487.0,
        "net_profit": -513.0,
        "eps": -263.0,
        "roe": -13.69,
        "roa": -1,
        "operating_margin": -1,
        "cost_ratio": 4.78,
        "sga_ratio": 62.01
      },
      {
        "fiscal_year": "2024/09",
        "sales": 860.0,
        "operating_profit": -14.000000000000002,
        "ordinary_profit": -894.9999999999999,
        "net_profit": -942.0,
        "eps": -385.0,
        "roe": -22.19,
        "roa": -1,
        "operating_margin": -1,
        "cost_ratio": -1.63,
        "sga_ratio": 53.94
      }
    ],
    "dividend_data": [
      {
        "fiscal_year": "2010/03",
        "total_dividend": 1.0,
        "dividend_yield": 0.77
      },
      {
        "fiscal_year": "2012/03",
        "total_dividend": 0.0,
        "dividend_yield": 0.0
      },
      {
        "fiscal_year": "2013/03",
        "total_dividend": 0.0,
        "dividend_yield": 0.0
      }
    ]
  },
  {
    "code": "4346",
    "name": "ＮＥＸＹＺ．Ｇｒｏｕｐ",
    "annual_data": [
      {
        "date": "2010/09/30",
        "per": 57.88,
        "pbr": 2.07,
        "is_per_red": false,
        "is_pbr_red": false
      },
      {
        "date": "2011/09/30",
        "per": 70.97,
        "pbr": 1.4,
        "is_per_red": false,
        "is_pbr_red": false
      },
      {
        "date": "2012/09/28",
        "per": 62.01,
        "pbr": 11.07,
        "is_per_red": false,
        "is_pbr_red": false
      },
      {
        "date": "2013/09/30",
        "per": 3.81,
        "pbr": 1.41,
        "is_per_red": false,
        "is_pbr_red": false
      },
      {
        "date": "2014/09/30",
        "per": 32.39,
        "pbr": 2.21,
        "is_per_red": false,
        "is_pbr_red": false
      },
      {
        "date": "2015/09/30",
        "per": 13.25,
        "pbr": 2.51,
        "is_per_red": false,
        "is_pbr_red": false
      },
      {
        "date": "2016/09/30",
        "per": 14.68,
        "pbr": 3.62,
        "is_per_red": false,
        "is_pbr_red": false
      },
      {
        "date": "2017/09/29",
        "per": 14.79,
        "pbr": 4.85,
        "is_per_red": false,
        "is_pbr_red": false
      },
      {
        "date": "2018/09/28",
        "per": 13.72,
        "pbr": 3.73,
        "is_per_red": false,
        "is_pbr_red": false
      },
      {
        "date": "2019/09/30",
        "per": 16.23,
        "pbr": 4.06,
        "is_per_red": false,
        "is_pbr_red": false
      },
      {
        "date": "2020/09/30",
        "per": -1,
        "pbr": 4.03,
        "is_per_red": true,
        "is_pbr_red": false
      },
      {
        "date": "2021/09/30",
        "per": -1,
        "pbr": 6.69,
        "is_per_red": true,
        "is_pbr_red": false
      },
      {
        "date": "2022/09/30",
        "per": 45.85,
        "pbr": 7.1,
        "is_per_red": false,
        "is_pbr_red": false
      },
      {
        "date": "2023/09/29",
        "per": 14.49,
        "pbr": 6.46,
        "is_per_red": false,
        "is_pbr_red": false
      },
      {
        "date": "2024/09/30",
        "per": 18.38,
        "pbr": 4.39,
        "is_per_red": false,
        "is_pbr_red": false
      }
    ],
    "daily_data": [],
    "financial_data": [
      {
        "fiscal_year": "2008/09",
        "sales": 6000.0,
        "operating_profit": -242.0,
        "ordinary_profit": -295.0,
        "net_profit": -621.0,
        "roa": -1,
        "operating_margin": -1,
        "cost_ratio": -4.04,
        "sga_ratio": 55.97
      },
      {
        "fiscal_year": "2009/09",
        "sales": 6850.0,
        "operating_profit": -157.0,
        "ordinary_profit": -199.0,
        "net_profit": -823.0,
        "roa": -1,
        "operating_margin": -1,
        "cost_ratio": -2.29,
        "sga_ratio": 56.1
      },
      {
        "fiscal_year": "2010/09",
        "sales": 8040.000000000001,
        "operating_profit": 252.99999999999997,
        "ordinary_profit": 239.0,
        "net_profit": 72.0,
        "roe": 5.39,
        "roa": 3.57,
        "operating_margin": 0.98,
        "cost_ratio": 3.14,
        "sga_ratio": 57.86
      },
      {
        "fiscal_year": "2011/09",
        "sales": 7420.0,
        "operating_profit": 111.00000000000001,
        "ordinary_profit": 57.99999999999999,
        "net_profit": 37.0,
        "eps": 90.0,
        "roe": 2.79,
        "roa": 1.97,
        "operating_margin": 0.51,
        "cost_ratio": 1.5,
        "sga_ratio": 58.38
      },
      {
        "fiscal_year": "2012/09",
        "sales": 7540.000000000001,
        "operating_profit": 301.0,
        "ordinary_profit": 308.0,
        "net_profit": 413.0,
        "eps": 555.0,
        "roe": 3.08,
        "roa": 17.84,
        "operating_margin": 5.27,
        "cost_ratio": 3.99,
        "sga_ratio": 57.58
      },
      {
        "fiscal_year": "2013/09",
        "sales": 7509.999999999999,
        "operating_profit": 401.99999999999994,
        "ordinary_profit": 407.0,
        "net_profit": 1350.0,
        "eps": 1480.0,
        "roe": 106.2,
        "roa": 37.06,
        "operating_margin": 15.55,
        "cost_ratio": 5.35,
        "sga_ratio": 56.27
      },
      {
        "fiscal_year": "2014/09",
        "sales": 8280.0,
        "operating_profit": 560.0,
        "ordinary_profit": 518.0,
        "net_profit": 262.0,
        "eps": 372.0,
        "roe": 20.59,
        "roa": 6.79,
        "operating_margin": 2.77,
        "cost_ratio": 6.76,
        "sga_ratio": 57.13
      },
      {
        "fiscal_year": "2015/09",
        "sales": 10600.0,
        "operating_profit": 1010.0,
        "ordinary_profit": 1030.0,
        "net_profit": 841.0,
        "eps": 1090.0,
        "roe": 66.2,
        "roa": 19.22,
        "operating_margin": 7.71,
        "cost_ratio": 9.52,
        "sga_ratio": 58.86
      },
      {
        "fiscal_year": "2016/09",
        "sales": 14100.0,
        "operating_profit": 1720.0,
        "ordinary_profit": 1720.0,
        "net_profit": 1220.0,
        "eps": 1490.0,
        "roe": 97.51,
        "roa": 24.86,
        "operating_margin": 10.07,
        "cost_ratio": 12.2,
        "sga_ratio": 59.82
      },
      {
        "fiscal_year": "2017/09",
        "sales": 16000.0,
        "operating_profit": 2050.0,
        "ordinary_profit": 2270.0,
        "net_profit": 1770.0,
        "eps": 2010.0000000000002,
        "roe": 142.73,
        "roa": 32.47,
        "operating_margin": 12.54,
        "cost_ratio": 12.8,
        "sga_ratio": 51.43
      },
      {
        "fiscal_year": "2018/09",
        "sales": 16900.0,
        "operating_profit": 1920.0,
        "ordinary_profit": 1939.9999999999998,
        "net_profit": 1910.0000000000002,
        "eps": 1760.0000000000002,
        "roe": 151.42,
        "roa": 27.16,
        "operating_margin": 13.26,
        "cost_ratio": 11.4,
        "sga_ratio": 49.73
      },
      {
        "fiscal_year": "2019/09",
        "sales": 18400.0,
        "operating_profit": 2060.0,
        "ordinary_profit": 2170.0,
        "net_profit": 1520.0,
        "eps": 1889.9999999999998,
        "roe": 117.84,
        "roa": 24.98,
        "operating_margin": 10.19,
        "cost_ratio": 11.21,
        "sga_ratio": 49.61
      },
      {
        "fiscal_year": "2020/09",
        "sales": 15700.0,
        "operating_profit": -1630.0,
        "ordinary_profit": -1780.0,
        "net_profit": -2140.0,
        "eps": -1900.0,
        "roe": -165.25,
        "roa": -1,
        "operating_margin": -1,
        "cost_ratio": -10.34,
        "sga_ratio": 51.8
      },
      {
        "fiscal_year": "2021/09",
        "sales": 18800.0,
        "operating_profit": -351.0,
        "ordinary_profit": -353.0,
        "net_profit": -1150.0,
        "eps": -1050.0,
        "roe": -88.99,
        "roa": -1,
        "operating_margin": -1,
        "cost_ratio": -1.87,
        "sga_ratio": 53.42
      },
      {
        "fiscal_year": "2022/09",
        "sales": 19200.0,
        "operating_profit": 382.0,
        "ordinary_profit": 377.0,
        "net_profit": 185.0,
        "eps": 281.0,
        "roe": 14.22,
        "roa": 15.49,
        "operating_margin": 1.36,
        "cost_ratio": 1.99,
        "sga_ratio": 53.73
      },
      {
        "fiscal_year": "2023/09",
        "sales": 22000.0,
        "operating_profit": 766.0,
        "ordinary_profit": 726.0,
        "net_profit": 748.0,
        "eps": 1050.0,
        "roe": 57.49,
        "roa": 44.6,
        "operating_margin": 4.84,
        "cost_ratio": 3.49,
        "sga_ratio": 47.59
      },
      {
        "fiscal_year": "2024/09",
        "sales": 24500.0,
        "operating_profit": 1190.0,
        "ordinary_profit": 1160.0,
        "net_profit": 606.0,
        "eps": 2039.9999999999998,
        "roe": 46.58,
        "roa": 23.89,
        "operating_margin": 3.3,
        "cost_ratio": 4.85,
        "sga_ratio": 47.97
      },
      {
        "fiscal_year": "2025/09",
        "sales": 25500.0,
        "operating_profit": 1500.0,
        "ordinary_profit": 1500.0,
        "net_profit": 700.0,
        "roe": 53.81,
        "roa": 27.59,
        "operating_margin": 3.82,
        "cost_ratio": 5.88
      }
    ],
    "dividend_data": [
      {
        "fiscal_year": "2010/03",
        "total_dividend": 125.0,
        "dividend_yield": 12.5
      },
      {
        "fiscal_year": "2012/03",
        "total_dividend": 0.0,
        "dividend_yield": 0.0
      },
      {
        "fiscal_year": "2013/03",
        "total_dividend": 5.0
      }
    ]
  },
  {
    "code": "4351",
    "name": "山田債権回収管理総合事務所",
    "annual_data": [
      {
        "date": "2009/12/30",
        "per": -1,
        "pbr": 0.67,
        "is_per_red": true,
        "is_pbr_red": false
      },
      {
        "date": "2010/12/30",
        "per": 23.81,
        "pbr": 0.47,
        "is_per_red": false,
        "is_pbr_red": false
      },
      {
        "date": "2011/12/30",
        "per": -1,
        "pbr": 0.59,
        "is_per_red": true,
        "is_pbr_red": false
      },
      {
        "date": "2012/12/28",
        "per": 8.01,
        "pbr": 1.27,
        "is_per_red": false,
        "is_pbr_red": false
      },
      {
        "date": "2013/12/30",
        "per": -1,
        "pbr": 1.1,
        "is_per_red": true,
        "is_pbr_red": false
      },
      {
        "date": "2014/12/30",
        "per": 8.61,
        "pbr": 1.51,
        "is_per_red": false,
        "is_pbr_red": false
      },
      {
        "date": "2015/12/30",
        "per": 7.34,
        "pbr": 0.86,
        "is_per_red": false,
        "is_pbr_red": false
      },
      {
        "date": "2016/12/30",
        "per": 5.54,
        "pbr": 0.86,
        "is_per_red": false,
        "is_pbr_red": false
      },
      {
        "date": "2017/12/29",
        "per": 33.65,
        "pbr": 0.76,
        "is_per_red": false,
        "is_pbr_red": false
      },
      {
        "date": "2018/12/28",
        "per": -1,
        "pbr": 0.77,
        "is_per_red": true,
        "is_pbr_red": false
      },
      {
        "date": "2019/12/30",
        "per": 3.97,
        "pbr": 0.7,
        "is_per_red": false,
        "is_pbr_red": false
      },
      {
        "date": "2020/12/30",
        "per": -1,
        "pbr": 0.85,
        "is_per_red": true,
        "is_pbr_red": false
      },
      {
        "date": "2021/12/30",
        "per": 24.43,
        "pbr": 1.11,
        "is_per_red": false,
        "is_pbr_red": false
      },
      {
        "date": "2022/12/30",
        "per": 47.75,
        "pbr": 1.15,
        "is_per_red": false,
        "is_pbr_red": false
      },
      {
        "date": "2023/12/29",
        "per": 33.89,
        "pbr": 1.25,
        "is_per_red": false,
        "is_pbr_red": false
      }
    ],
    "daily_data": [],
    "financial_data": [
      {
        "fiscal_year": "2008/12",
        "sales": 2370.0,
        "operating_profit": 101.0,
        "ordinary_profit": 180.0,
        "net_profit": -749.0,
        "roa": -1,
        "operating_margin": -1,
        "cost_ratio": 4.26,
        "sga_ratio": 49.15
      },
      {
        "fiscal_year": "2009/12",
        "sales": 2090.0,
        "operating_profit": -467.0,
        "ordinary_profit": -470.0,
        "net_profit": -552.0,
        "roe": -129.4,
        "roa": -1,
        "operating_margin": -1,
        "cost_ratio": -22.37,
        "sga_ratio": 61.26
      },
      {
        "fiscal_year": "2010/12",
        "sales": 2440.0,
        "operating_profit": 14.0,
        "ordinary_profit": 26.0,
        "net_profit": 46.0,
        "roe": 10.67,
        "roa": 1.97,
        "operating_margin": 0.78,
        "cost_ratio": 0.57,
        "sga_ratio": 71.17
      },
      {
        "fiscal_year": "2011/12",
        "sales": 2180.0,
        "operating_profit": -61.0,
        "ordinary_profit": -58.0,
        "net_profit": -320.0,
        "eps": -309.0,
        "roe": -75.03,
        "roa": -1,
        "operating_margin": -1,
        "cost_ratio": -2.79,
        "sga_ratio": 80.06
      },
      {
        "fiscal_year": "2012/12",
        "sales": 2270.0,
        "operating_profit": 570.0,
        "ordinary_profit": 512.0,
        "net_profit": 365.0,
        "eps": 388.0,
        "roe": 85.55,
        "roa": 15.88,
        "operating_margin": 7.42,
        "cost_ratio": 25.15,
        "sga_ratio": 49.75
      },
      {
        "fiscal_year": "2013/12",
        "sales": 1370.0,
        "operating_profit": -374.0,
        "ordinary_profit": -467.0,
        "net_profit": -386.0,
        "eps": -408.0,
        "roe": -90.73,
        "roa": -1,
        "operating_margin": -1,
        "cost_ratio": -27.42,
        "sga_ratio": 86.41
      },
      {
        "fiscal_year": "2014/12",
        "sales": 3250.0,
        "operating_profit": 833.0,
        "ordinary_profit": 737.0,
        "net_profit": 389.0,
        "eps": 455.0,
        "roe": 91.27,
        "roa": 17.58,
        "operating_margin": 3.78,
        "cost_ratio": 25.64,
        "sga_ratio": 51.78
      },
      {
        "fiscal_year": "2015/12",
        "sales": 2660.0,
        "operating_profit": 599.0,
        "ordinary_profit": 551.0,
        "net_profit": 293.0,
        "eps": 439.0,
        "roe": 68.82,
        "roa": 11.66,
        "operating_margin": 3.1,
        "cost_ratio": 22.49,
        "sga_ratio": 52.7
      },
      {
        "fiscal_year": "2016/12",
        "sales": 2660.0,
        "operating_profit": 552.0,
        "ordinary_profit": 520.0,
        "net_profit": 446.0,
        "eps": 340.0,
        "roe": 104.64,
        "roa": 15.56,
        "operating_margin": 4.36,
        "cost_ratio": 20.78,
        "sga_ratio": 56.33
      },
      {
        "fiscal_year": "2017/12",
        "sales": 2090.0,
        "operating_profit": 62.0,
        "ordinary_profit": 81.0,
        "net_profit": 67.0,
        "eps": 130.0,
        "roe": 15.66,
        "roa": 2.26,
        "operating_margin": 1.6,
        "cost_ratio": 2.95,
        "sga_ratio": 73.9
      },
      {
        "fiscal_year": "2018/12",
        "sales": 2039.9999999999998,
        "operating_profit": -195.0,
        "ordinary_profit": -162.0,
        "net_profit": -172.0,
        "eps": -207.0,
        "roe": -40.33,
        "roa": -1,
        "operating_margin": -1,
        "cost_ratio": -9.55,
        "sga_ratio": 82.27
      },
      {
        "fiscal_year": "2019/12",
        "sales": 2150.0,
        "operating_profit": -251.0,
        "ordinary_profit": 335.0,
        "net_profit": 576.0,
        "eps": 611.0,
        "roe": 135.16,
        "roa": 17.64,
        "operating_margin": 9.26,
        "cost_ratio": -11.65,
        "sga_ratio": 85.44
      },
      {
        "fiscal_year": "2020/12",
        "sales": 2100.0,
        "operating_profit": -201.0,
        "ordinary_profit": -179.0,
        "net_profit": -190.0,
        "eps": -168.0,
        "roe": -44.54,
        "roa": -1,
        "operating_margin": -1,
        "cost_ratio": -9.57,
        "sga_ratio": 82.44
      },
      {
        "fiscal_year": "2021/12",
        "sales": 2190.0,
        "operating_profit": 97.0,
        "ordinary_profit": 95.0,
        "net_profit": 145.0,
        "eps": 180.0,
        "roe": 33.94,
        "roa": 4.53,
        "operating_margin": 2.36,
        "cost_ratio": 4.42,
        "sga_ratio": 67.86
      },
      {
        "fiscal_year": "2022/12",
        "sales": 2390.0,
        "operating_profit": 54.0,
        "ordinary_profit": 86.0,
        "net_profit": 77.0,
        "eps": 36.0,
        "roe": 17.99,
        "roa": 2.41,
        "operating_margin": 1.48,
        "cost_ratio": 2.26,
        "sga_ratio": 72.7
      },
      {
        "fiscal_year": "2023/12",
        "sales": 2480.0,
        "operating_profit": 83.0,
        "ordinary_profit": 166.0,
        "net_profit": 120.0,
        "eps": 127.0,
        "roe": 28.27,
        "roa": 3.68,
        "operating_margin": 1.71,
        "cost_ratio": 3.34,
        "sga_ratio": 72.84
      },
      {
        "fiscal_year": "2024/12",
        "sales": 2680.0,
        "operating_profit": 227.0,
        "ordinary_profit": 243.0,
        "net_profit": 150.0,
        "roe": 35.15,
        "roa": 4.57,
        "operating_margin": 2.24,
        "cost_ratio": 8.47
      }
    ],
    "dividend_data": [
      {
        "fiscal_year": "2009/03",
        "total_dividend": 2.79
      },
      {
        "fiscal_year": "2010/03",
        "total_dividend": 3.94
      },
      {
        "fiscal_year": "2011/03",
        "total_dividend": 3.7
      },
      {
        "fiscal_year": "2012/03",
        "total_dividend": 1.46
      }
    ]
  },
  {
    "code": "5843",
    "name": "ニッポンインシュア",
    "annual_data": [
      {
        "date": "2024/09/30",
        "per": 8.28,
        "pbr": 1.18,
        "is_per_red": false,
        "is_pbr_red": false
      }
    ],
    "daily_data": [],
    "financial_data": [
      {
        "fiscal_year": "2018/09",
        "sales": 1240.0,
        "ordinary_profit": 119.0,
        "net_profit": 77.0,
        "eps": 38.58,
        "roa": 6.83
      },
      {
        "fiscal_year": "2019/09",
        "sales": 1510.0,
        "ordinary_profit": 204.0,
        "net_profit": 148.0,
        "eps": 74.03,
        "roa": 11.3
      },
      {
        "fiscal_year": "2020/09",
        "sales": 1739.9999999999998,
        "ordinary_profit": 149.0,
        "net_profit": 101.0,
        "eps": 50.28,
        "roa": 5.56
      },
      {
        "fiscal_year": "2021/09",
        "sales": 2170.0,
        "operating_profit": 194.0,
        "ordinary_profit": 193.0,
        "net_profit": 105.0,
        "eps": 52.59,
        "roe": 16.14,
        "roa": 4.66,
        "operating_margin": 8.94,
        "cost_ratio": 37.65,
        "sga_ratio": 53.42
      },
      {
        "fiscal_year": "2022/09",
        "sales": 2600.0,
        "operating_profit": 396.0,
        "ordinary_profit": 406.0,
        "net_profit": 255.0,
        "eps": 127.7,
        "roe": 28.2,
        "roa": 8.77,
        "operating_margin": 15.22,
        "cost_ratio": 39.05,
        "sga_ratio": 45.73
      },
      {
        "fiscal_year": "2023/09",
        "sales": 2880.0,
        "operating_profit": 292.0,
        "ordinary_profit": 292.0,
        "net_profit": 197.0,
        "eps": 98.44,
        "roe": 17.86,
        "roa": 5.78,
        "operating_margin": 10.14,
        "cost_ratio": 41.86,
        "sga_ratio": 48.0
      },
      {
        "fiscal_year": "2024/09",
        "sales": 3220.0000000000005,
        "operating_profit": 418.0,
        "ordinary_profit": 410.0,
        "net_profit": 280.0,
        "eps": 100.69,
        "roe": 14.16,
        "roa": 6.09,
        "operating_margin": 12.98,
        "cost_ratio": 41.45,
        "sga_ratio": 45.59
      },
      {
        "fiscal_year": "2025/09",
        "sales": 3620.0000000000005,
        "operating_profit": 516.0,
        "ordinary_profit": 517.0,
        "net_profit": 360.0,
        "eps": 128.83,
        "roe": 18.2,
        "roa": 7.83,
        "operating_margin": 14.25
      }
    ],
    "dividend_data": [
      {
        "fiscal_year": "2018/03",
        "total_dividend": 20.0
      },
      {
        "fiscal_year": "2022/03",
        "total_dividend": 0.0
      },
      {
        "fiscal_year": "2023/03"
      }
    ]
  },
  {
    "code": "5845",
    "name": "全保連",
    "annual_data": [
      {
        "date": "2024/03/29",
        "per": 11.11,
        "pbr": 3.89,
        "is_per_red": false,
        "is_pbr_red": false
      }
    ],
    "daily_data": [],
    "financial_data": [
      {
        "fiscal_year": "2019/03",
        "sales": 14000.0,
        "ordinary_profit": 2410.0,
        "net_profit": 1010.0,
        "eps": 80.64,
        "roa": 9.77
      },
      {
        "fiscal_year": "2020/03",
        "sales": 16400.0,
        "ordinary_profit": 1760.0000000000002,
        "net_profit": 298.0,
        "eps": 23.84,
        "roa": 2.12
      },
      {
        "fiscal_year": "2021/03",
        "sales": 10900.0,
        "ordinary_profit": -6380.0,
        "net_profit": -7220.0,
        "eps": -288.8,
        "roa": -1
      },
      {
        "fiscal_year": "2022/03",
        "sales": 21700.0,
        "operating_profit": 1700.0,
        "ordinary_profit": 1620.0,
        "net_profit": 1390.0,
        "eps": 55.47,
        "roe": 46.62,
        "roa": 5.61,
        "operating_margin": 7.83,
        "cost_ratio": 34.12,
        "sga_ratio": 58.05
      },
      {
        "fiscal_year": "2023/03",
        "sales": 23800.0,
        "operating_profit": 1900.0,
        "ordinary_profit": 1839.9999999999998,
        "net_profit": 773.0,
        "eps": 39.75,
        "roe": 53.35,
        "roa": 3.78,
        "operating_margin": 7.98,
        "cost_ratio": 34.63,
        "sga_ratio": 57.38
      },
      {
        "fiscal_year": "2024/03",
        "sales": 24500.0,
        "operating_profit": 2220.0,
        "ordinary_profit": 2190.0,
        "net_profit": 1540.0,
        "eps": 76.06,
        "roe": 32.34,
        "roa": 7.06,
        "operating_margin": 9.07,
        "cost_ratio": 29.34,
        "sga_ratio": 61.58
      },
      {
        "fiscal_year": "2025/03",
        "sales": 26000.0,
        "operating_profit": 2400.0,
        "ordinary_profit": 2370.0,
        "net_profit": 1620.0,
        "eps": 62.67,
        "roe": 30.26,
        "roa": 7.95,
        "operating_margin": 9.23
      }
    ],
    "dividend_data": [
      {
        "fiscal_year": "2019/03",
        "total_dividend": 5.0
      },
      {
        "fiscal_year": "2023/03",
        "total_dividend": 4.0
      }
    ]
  },
  {
    "code": "7164",
    "name": "全国保証",
    "annual_data": [
      {
        "date": "2013/03/29",
        "per": 17.83,
        "pbr": 3.09,
        "is_per_red": false,
        "is_pbr_red": false
      },
      {
        "date": "2014/03/31",
        "per": 19.99,
        "pbr": 3.97,
        "is_per_red": false,
        "is_pbr_red": false
      },
      {
        "date": "2015/03/31",
        "per": 20.51,
        "pbr": 5.12,
        "is_per_red": false,
        "is_pbr_red": false
      },
      {
        "date": "2016/03/31",
        "per": 15.27,
        "pbr": 3.55,
        "is_per_red": false,
        "is_pbr_red": false
      },
      {
        "date": "2017/03/31",
        "per": 13.34,
        "pbr": 2.89,
        "is_per_red": false,
        "is_pbr_red": false
      },
      {
        "date": "2018/03/30",
        "per": 14.56,
        "pbr": 2.97,
        "is_per_red": false,
        "is_pbr_red": false
      },
      {
        "date": "2019/03/29",
        "per": 11.03,
        "pbr": 2.1,
        "is_per_red": false,
        "is_pbr_red": false
      },
      {
        "date": "2020/03/31",
        "per": 9.56,
        "pbr": 1.61,
        "is_per_red": false,
        "is_pbr_red": false
      },
      {
        "date": "2021/03/31",
        "per": 12.94,
        "pbr": 2.11,
        "is_per_red": false,
        "is_pbr_red": false
      },
      {
        "date": "2022/03/31",
        "per": 11.63,
        "pbr": 1.75,
        "is_per_red": false,
        "is_pbr_red": false
      },
      {
        "date": "2023/03/31",
        "per": 12.01,
        "pbr": 1.67,
        "is_per_red": false,
        "is_pbr_red": false
      },
      {
        "date": "2024/03/29",
        "per": 13.13,
        "pbr": 1.68,
        "is_per_red": false,
        "is_pbr_red": false
      }
    ],
    "daily_data": [],
    "financial_data": [],
    "dividend_data": [
      {
        "fiscal_year": "2010/03",
        "total_dividend": 4.0
      },
      {
        "fiscal_year": "2011/03",
        "total_dividend": 4.0
      },
      {
        "fiscal_year": "2012/03",
        "total_dividend": 4.0
      },
      {
        "fiscal_year": "2013/03",
        "dividend_yield": 1.22
      }
    ]
  },
  {
    "code": "7183",
    "name": "あんしん保証",
    "annual_data": [
      {
        "date": "2016/03/31",
        "per": 20.85,
        "pbr": 2.91,
        "is_per_red": false,
        "is_pbr_red": false
      },
      {
        "date": "2017/03/31",
        "per": 53.01,
        "pbr": 6.06,
        "is_per_red": false,
        "is_pbr_red": false
      },
      {
        "date": "2018/03/30",
        "per": 60.85,
        "pbr": 2.96,
        "is_per_red": false,
        "is_pbr_red": false
      },
      {
        "date": "2019/03/29",
        "per": 23.13,
        "pbr": 2.23,
        "is_per_red": false,
        "is_pbr_red": false
      },
      {
        "date": "2020/03/31",
        "per": 14.64,
        "pbr": 1.81,
        "is_per_red": false,
        "is_pbr_red": false
      },
      {
        "date": "2021/03/31",
        "per": 13.17,
        "pbr": 2.43,
        "is_per_red": false,
        "is_pbr_red": false
      },
      {
        "date": "2022/03/31",
        "per": 13.27,
        "pbr": 3.05,
        "is_per_red": false,
        "is_pbr_red": false
      },
      {
        "date": "2023/03/31",
        "per": 9.91,
        "pbr": 2.16,
        "is_per_red": false,
        "is_pbr_red": false
      },
      {
        "date": "2024/03/29",
        "per": 11.97,
        "pbr": 1.92,
        "is_per_red": false,
        "is_pbr_red": false
      }
    ],
    "daily_data": [],
    "financial_data": [],
    "dividend_data": [
      {
        "fiscal_year": "2015/03",
        "total_dividend": 0.0,
        "dividend_yield": 0.0
      },
      {
        "fiscal_year": "2016/03",
        "total_dividend": 0.0
      }
    ]
  },
  {
    "code": "7187",
    "name": "ジェイリース",
    "annual_data": [
      {
        "date": "2017/03/31",
        "per": 46.44,
        "pbr": 4.49,
        "is_per_red": false,
        "is_pbr_red": false
      },
      {
        "date": "2018/03/30",
        "per": -1,
        "pbr": 9.21,
        "is_per_red": true,
        "is_pbr_red": false
      },
      {
        "date": "2019/03/29",
        "per": -1,
        "pbr": 5.45,
        "is_per_red": true,
        "is_pbr_red": false
      },
      {
        "date": "2020/03/31",
        "per": 84.78,
        "pbr": 3.17,
        "is_per_red": false,
        "is_pbr_red": false
      },
      {
        "date": "2021/03/31",
        "per": 13.12,
        "pbr": 6.03,
        "is_per_red": false,
        "is_pbr_red": false
      },
      {
        "date": "2022/03/31",
        "per": 11.51,
        "pbr": 6.53,
        "is_per_red": false,
        "is_pbr_red": false
      },
      {
        "date": "2023/03/31",
        "per": 11.44,
        "pbr": 5.5,
        "is_per_red": false,
        "is_pbr_red": false
      },
      {
        "date": "2024/03/29",
        "per": 12.81,
        "pbr": 4.96,
        "is_per_red": false,
        "is_pbr_red": false
      }
    ],
    "daily_data": [],
    "financial_data": [
      {
        "fiscal_year": "2010/08",
        "sales": 744.0,
        "ordinary_profit": 34.0,
        "net_profit": 19.0,
        "roe": 2.99,
        "operating_margin": 2.77
      },
      {
        "fiscal_year": "2011/03",
        "sales": 571.0,
        "ordinary_profit": 6.0,
        "net_profit": -7.000000000000001,
        "roe": -1.15,
        "operating_margin": -1
      },
      {
        "fiscal_year": "2012/03",
        "sales": 1230.0,
        "ordinary_profit": 89.0,
        "net_profit": 25.0,
        "roe": 3.87,
        "operating_margin": 3.0
      },
      {
        "fiscal_year": "2013/03",
        "sales": 1590.0,
        "ordinary_profit": 68.0,
        "net_profit": 28.000000000000004,
        "roe": 4.33
      },
      {
        "fiscal_year": "2014/03",
        "sales": 2020.0,
        "operating_profit": 91.0,
        "ordinary_profit": 86.0,
        "net_profit": -9.0,
        "eps": -10.0,
        "roe": -1.42,
        "roa": -1,
        "operating_margin": -1,
        "cost_ratio": 4.49,
        "sga_ratio": 14.47
      },
      {
        "fiscal_year": "2015/03",
        "sales": 2490.0,
        "operating_profit": 72.0,
        "ordinary_profit": 69.0,
        "net_profit": 3.0,
        "eps": 2.0,
        "roe": 0.18,
        "roa": 1.38,
        "operating_margin": 0.11,
        "cost_ratio": 2.89,
        "sga_ratio": 15.98
      },
      {
        "fiscal_year": "2016/03",
        "sales": 3210.0,
        "operating_profit": 176.0,
        "ordinary_profit": 172.0,
        "net_profit": 56.00000000000001,
        "eps": 56.00000000000001,
        "roe": 4.13,
        "roa": 22.26,
        "operating_margin": 1.43,
        "cost_ratio": 5.47,
        "sga_ratio": 17.83
      },
      {
        "fiscal_year": "2017/03",
        "sales": 4120.0,
        "operating_profit": 140.0,
        "ordinary_profit": 114.99999999999999,
        "net_profit": 82.0,
        "eps": 81.0,
        "roe": 5.06,
        "roa": 9.17,
        "operating_margin": 1.52,
        "cost_ratio": 3.4,
        "sga_ratio": 20.9
      },
      {
        "fiscal_year": "2018/03",
        "sales": 5020.0,
        "operating_profit": 19.0,
        "ordinary_profit": -37.0,
        "net_profit": -74.0,
        "eps": -76.0,
        "roe": -4.28,
        "roa": -1,
        "operating_margin": -1,
        "cost_ratio": 0.38,
        "sga_ratio": 22.34
      },
      {
        "fiscal_year": "2019/03",
        "sales": 6080.0,
        "operating_profit": -102.0,
        "ordinary_profit": -146.0,
        "net_profit": -150.0,
        "eps": -146.0,
        "roe": -8.53,
        "roa": -1,
        "operating_margin": -1,
        "cost_ratio": -1.67,
        "sga_ratio": 22.8
      },
      {
        "fiscal_year": "2020/03",
        "sales": 6740.000000000001,
        "operating_profit": 156.0,
        "ordinary_profit": 106.0,
        "net_profit": 24.0,
        "eps": 24.0,
        "roe": 1.38,
        "roa": 3.72,
        "operating_margin": 0.31,
        "cost_ratio": 2.31,
        "sga_ratio": 22.51
      },
      {
        "fiscal_year": "2021/03",
        "sales": 7600.0,
        "operating_profit": 944.0,
        "ordinary_profit": 911.0,
        "net_profit": 553.0,
        "eps": 553.0,
        "roe": 31.33,
        "roa": 45.84,
        "operating_margin": 6.78,
        "cost_ratio": 12.42,
        "sga_ratio": 22.27
      },
      {
        "fiscal_year": "2022/03",
        "sales": 9160.0,
        "operating_profit": 1970.0,
        "ordinary_profit": 1950.0,
        "net_profit": 1340.0,
        "eps": 1340.0,
        "roe": 75.47,
        "roa": 56.48,
        "operating_margin": 15.17,
        "cost_ratio": 21.51,
        "sga_ratio": 22.87
      },
      {
        "fiscal_year": "2023/03",
        "sales": 11000.0,
        "operating_profit": 2470.0,
        "ordinary_profit": 2470.0,
        "net_profit": 1670.0,
        "eps": 1670.0,
        "roe": 93.73,
        "roa": 48.19,
        "operating_margin": 17.09,
        "cost_ratio": 22.49,
        "sga_ratio": 24.18
      },
      {
        "fiscal_year": "2024/03",
        "sales": 13200.0,
        "operating_profit": 2610.0,
        "ordinary_profit": 2610.0,
        "net_profit": 1789.9999999999998,
        "eps": 1789.9999999999998,
        "roe": 100.69,
        "roa": 38.68,
        "operating_margin": 15.45,
        "cost_ratio": 19.72,
        "sga_ratio": 26.45
      },
      {
        "fiscal_year": "2025/03",
        "sales": 16200.0,
        "operating_profit": 2810.0,
        "ordinary_profit": 2810.0,
        "net_profit": 1889.9999999999998,
        "roe": 106.22,
        "roa": 36.73,
        "operating_margin": 13.99,
        "cost_ratio": 17.33
      }
    ],
    "dividend_data": [
      {
        "fiscal_year": "2011/03",
        "total_dividend": 5000.0,
        "dividend_yield": 3.13
      },
      {
        "fiscal_year": "2012/03",
        "total_dividend": 5000.0,
        "dividend_yield": 3.13
      },
      {
        "fiscal_year": "2013/03",
        "total_dividend": 5000.0,
        "dividend_yield": 3.13
      },
      {
        "fiscal_year": "2016/03",
        "total_dividend": 0.0
      }
    ]
  },
  {
    "code": "7191",
    "name": "イントラスト",
    "annual_data": [
      {
        "date": "2017/03/31",
        "per": 18.27,
        "pbr": 4.51,
        "is_per_red": false,
        "is_pbr_red": false
      },
      {
        "date": "2018/03/30",
        "per": 33.49,
        "pbr": 6.99,
        "is_per_red": false,
        "is_pbr_red": false
      },
      {
        "date": "2019/03/29",
        "per": 18.24,
        "pbr": 3.58,
        "is_per_red": false,
        "is_pbr_red": false
      },
      {
        "date": "2020/03/31",
        "per": 17.14,
        "pbr": 3.5,
        "is_per_red": false,
        "is_pbr_red": false
      },
      {
        "date": "2021/03/31",
        "per": 20.08,
        "pbr": 3.89,
        "is_per_red": false,
        "is_pbr_red": false
      },
      {
        "date": "2022/03/31",
        "per": 16.28,
        "pbr": 2.86,
        "is_per_red": false,
        "is_pbr_red": false
      },
      {
        "date": "2023/03/31",
        "per": 22.34,
        "pbr": 4.32,
        "is_per_red": false,
        "is_pbr_red": false
      },
      {
        "date": "2024/03/29",
        "per": 16.04,
        "pbr": 3.23,
        "is_per_red": false,
        "is_pbr_red": false
      }
    ],
    "daily_data": [],
    "financial_data": [
      {
        "fiscal_year": "2012/03",
        "sales": 1290.0,
        "ordinary_profit": -68.0,
        "net_profit": -80.0,
        "roe": -5.17,
        "operating_margin": -1
      },
      {
        "fiscal_year": "2013/03",
        "sales": 1850.0,
        "ordinary_profit": 71.0,
        "net_profit": 70.0,
        "roe": 4.5,
        "operating_margin": 3.98
      },
      {
        "fiscal_year": "2014/03",
        "sales": 2130.0,
        "ordinary_profit": 9.0,
        "net_profit": -3.0,
        "roe": -0.2,
        "operating_margin": -1
      },
      {
        "fiscal_year": "2015/03",
        "sales": 2850.0,
        "operating_profit": 18.0,
        "ordinary_profit": 14.000000000000002,
        "net_profit": -171.0,
        "roe": -11.02,
        "roa": -1,
        "operating_margin": -1,
        "cost_ratio": 0.64,
        "sga_ratio": 77.63
      },
      {
        "fiscal_year": "2016/03",
        "sales": 2650.0,
        "operating_profit": 542.0,
        "ordinary_profit": 541.0,
        "net_profit": 524.0,
        "roe": 31.52,
        "roa": 138.8,
        "operating_margin": 35.87,
        "cost_ratio": 20.44,
        "sga_ratio": 53.02
      },
      {
        "fiscal_year": "2017/03",
        "sales": 2710.0,
        "operating_profit": 608.0,
        "ordinary_profit": 598.0,
        "net_profit": 409.0,
        "roe": 22.99,
        "roa": 19.88,
        "operating_margin": 12.91,
        "cost_ratio": 22.43,
        "sga_ratio": 52.81
      },
      {
        "fiscal_year": "2018/03",
        "sales": 2950.0,
        "operating_profit": 772.0,
        "ordinary_profit": 752.0,
        "net_profit": 509.0,
        "roe": 23.02,
        "roa": 20.83,
        "operating_margin": 14.54,
        "cost_ratio": 26.17,
        "sga_ratio": 50.87
      },
      {
        "fiscal_year": "2019/03",
        "sales": 3140.0,
        "operating_profit": 842.0,
        "ordinary_profit": 840.0,
        "net_profit": 564.0,
        "roe": 25.44,
        "roa": 19.63,
        "operating_margin": 13.97,
        "cost_ratio": 26.85,
        "sga_ratio": 49.17
      },
      {
        "fiscal_year": "2020/03",
        "sales": 3629.9999999999995,
        "operating_profit": 1019.9999999999999,
        "ordinary_profit": 1030.0,
        "net_profit": 687.0,
        "roe": 30.93,
        "roa": 20.36,
        "operating_margin": 14.54,
        "cost_ratio": 28.18,
        "sga_ratio": 47.75
      },
      {
        "fiscal_year": "2021/03",
        "sales": 4200.0,
        "operating_profit": 1150.0,
        "ordinary_profit": 1150.0,
        "net_profit": 761.0,
        "roe": 34.07,
        "roa": 19.34,
        "operating_margin": 13.72,
        "cost_ratio": 27.36,
        "sga_ratio": 49.41
      },
      {
        "fiscal_year": "2022/03",
        "sales": 4940.0,
        "operating_profit": 1180.0,
        "ordinary_profit": 1180.0,
        "net_profit": 780.0,
        "roe": 34.88,
        "roa": 17.53,
        "operating_margin": 12.33,
        "cost_ratio": 23.96,
        "sga_ratio": 51.48
      },
      {
        "fiscal_year": "2023/03",
        "sales": 6490.000000000001,
        "operating_profit": 1630.0,
        "ordinary_profit": 1630.0,
        "net_profit": 1010.0,
        "roe": 44.95,
        "roa": 19.33,
        "operating_margin": 12.6,
        "cost_ratio": 25.06,
        "sga_ratio": 52.16
      },
      {
        "fiscal_year": "2024/03",
        "sales": 8970.0,
        "operating_profit": 2070.0,
        "ordinary_profit": 2070.0,
        "net_profit": 1230.0,
        "eps": 1250.0,
        "roe": 54.88,
        "roa": 20.16,
        "operating_margin": 12.71,
        "cost_ratio": 23.12,
        "sga_ratio": 51.21
      },
      {
        "fiscal_year": "2025/03",
        "sales": 10200.0,
        "operating_profit": 2320.0,
        "ordinary_profit": 2320.0,
        "net_profit": 1370.0,
        "roe": 61.23,
        "roa": 20.99,
        "operating_margin": 13.29,
        "cost_ratio": 22.68
      }
    ],
    "dividend_data": [
      {
        "fiscal_year": "2016/03",
        "total_dividend": 0.0,
        "dividend_yield": 0.0
      }
    ]
  },
  {
    "code": "7192",
    "name": "日本モーゲージサービス",
    "annual_data": [
      {
        "date": "2017/03/31",
        "per": 11.51,
        "pbr": 2.6,
        "is_per_red": false,
        "is_pbr_red": false
      },
      {
        "date": "2018/03/30",
        "per": 12.36,
        "pbr": 2.25,
        "is_per_red": false,
        "is_pbr_red": false
      },
      {
        "date": "2019/03/29",
        "per": 10.92,
        "pbr": 2.22,
        "is_per_red": false,
        "is_pbr_red": false
      },
      {
        "date": "2020/03/31",
        "per": 12.14,
        "pbr": 2.6,
        "is_per_red": false,
        "is_pbr_red": false
      },
      {
        "date": "2021/03/31",
        "per": 17.85,
        "pbr": 2.9,
        "is_per_red": false,
        "is_pbr_red": false
      },
      {
        "date": "2022/03/31",
        "per": 12.27,
        "pbr": 2.04,
        "is_per_red": false,
        "is_pbr_red": false
      },
      {
        "date": "2023/03/31",
        "per": 10.2,
        "pbr": 1.36,
        "is_per_red": false,
        "is_pbr_red": false
      },
      {
        "date": "2024/03/29",
        "per": 8.61,
        "pbr": 0.93,
        "is_per_red": false,
        "is_pbr_red": false
      }
    ],
    "daily_data": [],
    "financial_data": [],
    "dividend_data": [
      {
        "fiscal_year": "2016/03",
        "total_dividend": 0.0
      }
    ]
  },
  {
    "code": "7196",
    "name": "Ｃａｓａ",
    "annual_data": [
      {
        "date": "2018/01/31",
        "per": 16.06,
        "pbr": 1.94,
        "is_per_red": false,
        "is_pbr_red": false
      },
      {
        "date": "2019/01/31",
        "per": 14.33,
        "pbr": 1.86,
        "is_per_red": false,
        "is_pbr_red": false
      },
      {
        "date": "2020/01/31",
        "per": 16.96,
        "pbr": 2.37,
        "is_per_red": false,
        "is_pbr_red": false
      },
      {
        "date": "2021/01/29",
        "per": 15.92,
        "pbr": 1.43,
        "is_per_red": false,
        "is_pbr_red": false
      },
      {
        "date": "2022/01/31",
        "per": 12.76,
        "pbr": 1.19,
        "is_per_red": false,
        "is_pbr_red": false
      },
      {
        "date": "2023/01/31",
        "per": 32.17,
        "pbr": 1.21,
        "is_per_red": false,
        "is_pbr_red": false
      },
      {
        "date": "2024/01/31",
        "per": 13.9,
        "pbr": 1.17,
        "is_per_red": false,
        "is_pbr_red": false
      }
    ],
    "daily_data": [],
    "financial_data": [
      {
        "fiscal_year": "2014/01",
        "ordinary_profit": -194.0,
        "net_profit": -194.0,
        "roe": -18.66,
        "operating_margin": -1
      },
      {
        "fiscal_year": "2015/01",
        "sales": 6390.0,
        "ordinary_profit": 1620.0,
        "net_profit": 1220.0,
        "roe": 117.31,
        "operating_margin": 11.89
      },
      {
        "fiscal_year": "2016/01",
        "sales": 7140.000000000001,
        "operating_profit": 1560.0,
        "ordinary_profit": 1700.0,
        "net_profit": 875.0,
        "roe": 84.14,
        "roa": 19.44,
        "operating_margin": 7.89,
        "cost_ratio": 21.86,
        "sga_ratio": 21.75
      },
      {
        "fiscal_year": "2017/01",
        "sales": 8020.0,
        "operating_profit": 1170.0,
        "ordinary_profit": 1260.0,
        "net_profit": 633.0,
        "roe": 60.82,
        "roa": 12.32,
        "operating_margin": 5.8,
        "cost_ratio": 14.57,
        "sga_ratio": 32.7
      },
      {
        "fiscal_year": "2018/01",
        "sales": 8290.0,
        "operating_profit": 1170.0,
        "ordinary_profit": 1210.0,
        "net_profit": 745.0,
        "roe": 70.85,
        "roa": 11.74,
        "operating_margin": 6.33,
        "cost_ratio": 14.07,
        "sga_ratio": 34.21
      },
      {
        "fiscal_year": "2019/01",
        "sales": 8610.0,
        "operating_profit": 1330.0,
        "ordinary_profit": 1390.0,
        "net_profit": 840.0,
        "roe": 78.25,
        "roa": 13.39,
        "operating_margin": 7.2,
        "cost_ratio": 15.39,
        "sga_ratio": 34.1
      },
      {
        "fiscal_year": "2020/01",
        "sales": 9440.0,
        "operating_profit": 1520.0,
        "ordinary_profit": 1580.0,
        "net_profit": 927.0,
        "eps": 913.0,
        "roe": 90.49,
        "roa": 14.03,
        "operating_margin": 7.32,
        "cost_ratio": 16.14,
        "sga_ratio": 34.66
      },
      {
        "fiscal_year": "2021/01",
        "sales": 10200.0,
        "operating_profit": 1030.0,
        "ordinary_profit": 1090.0,
        "net_profit": 611.0,
        "eps": 593.0,
        "roe": 60.36,
        "roa": 8.97,
        "operating_margin": 4.55,
        "cost_ratio": 10.09,
        "sga_ratio": 40.55
      },
      {
        "fiscal_year": "2022/01",
        "sales": 10300.0,
        "operating_profit": 1040.0,
        "ordinary_profit": 1150.0,
        "net_profit": 647.0,
        "eps": 646.0,
        "roe": 64.9,
        "roa": 9.27,
        "operating_margin": 5.02,
        "cost_ratio": 10.03,
        "sga_ratio": 41.91
      },
      {
        "fiscal_year": "2023/01",
        "sales": 10300.0,
        "operating_profit": 786.0,
        "ordinary_profit": 894.9999999999999,
        "net_profit": 254.99999999999997,
        "eps": 226.0,
        "roe": 25.61,
        "roa": 3.72,
        "operating_margin": 1.93,
        "cost_ratio": 7.64,
        "sga_ratio": 43.16
      },
      {
        "fiscal_year": "2024/01",
        "sales": 11200.0,
        "operating_profit": 787.0,
        "ordinary_profit": 966.0,
        "net_profit": 605.0,
        "eps": 678.0,
        "roe": 60.35,
        "roa": 8.37,
        "operating_margin": 4.1,
        "cost_ratio": 7.01,
        "sga_ratio": 45.32
      },
      {
        "fiscal_year": "2025/01",
        "sales": 12100.0,
        "operating_profit": 759.0,
        "ordinary_profit": 935.0,
        "net_profit": 185.0,
        "roe": 18.38,
        "roa": 2.84,
        "operating_margin": 1.26,
        "cost_ratio": 6.28
      }
    ],
    "dividend_data": [
      {
        "fiscal_year": "2017/03",
        "total_dividend": 0.0
      }
    ]
  },
  {
    "code": "7198",
    "name": "ＳＢＩアルヒ",
    "annual_data": [
      {
        "date": "2018/03/30",
        "per": 10.67,
        "pbr": 2.39,
        "is_per_red": false,
        "is_pbr_red": false
      },
      {
        "date": "2019/03/29",
        "per": 18.27,
        "pbr": 3.26,
        "is_per_red": false,
        "is_pbr_red": false
      },
      {
        "date": "2020/03/31",
        "per": 8.66,
        "pbr": 1.62,
        "is_per_red": false,
        "is_pbr_red": false
      },
      {
        "date": "2021/03/31",
        "per": 12.31,
        "pbr": 2.13,
        "is_per_red": false,
        "is_pbr_red": false
      },
      {
        "date": "2022/03/31",
        "per": 8.32,
        "pbr": 1.1,
        "is_per_red": false,
        "is_pbr_red": false
      },
      {
        "date": "2023/03/31",
        "per": 13.39,
        "pbr": 1.16,
        "is_per_red": false,
        "is_pbr_red": false
      },
      {
        "date": "2024/03/29",
        "per": 24.3,
        "pbr": 1.01,
        "is_per_red": false,
        "is_pbr_red": false
      }
    ],
    "daily_data": [],
    "financial_data": [],
    "dividend_data": [
      {
        "fiscal_year": "2017/03",
        "total_dividend": 0.0,
        "dividend_yield": 0.0
      }
    ]
  },
  {
    "code": "7199",
    "name": "プレミアグループ",
    "annual_data": [
      {
        "date": "2018/03/30",
        "per": 12.98,
        "pbr": 2.96,
        "is_per_red": false,
        "is_pbr_red": false
      },
      {
        "date": "2019/03/29",
        "per": 16.97,
        "pbr": 4.64,
        "is_per_red": false,
        "is_pbr_red": false
      },
      {
        "date": "2020/03/31",
        "per": 14.42,
        "pbr": 3.94,
        "is_per_red": false,
        "is_pbr_red": false
      },
      {
        "date": "2021/03/31",
        "per": 12.92,
        "pbr": 4.28,
        "is_per_red": false,
        "is_pbr_red": false
      },
      {
        "date": "2022/03/31",
        "per": 17.63,
        "pbr": 5.36,
        "is_per_red": false,
        "is_pbr_red": false
      },
      {
        "date": "2023/03/31",
        "per": 16.39,
        "pbr": 4.95,
        "is_per_red": false,
        "is_pbr_red": false
      },
      {
        "date": "2024/03/29",
        "per": 17.26,
        "pbr": 5.1,
        "is_per_red": false,
        "is_pbr_red": false
      }
    ],
    "daily_data": [],
    "financial_data": [],
    "dividend_data": []
  },
  {
    "code": "7320",
    "name": "日本リビング保証",
    "annual_data": [
      {
        "date": "2018/06/29",
        "per": 49.64,
        "pbr": 17.41,
        "is_per_red": false,
        "is_pbr_red": false
      },
      {
        "date": "2019/06/28",
        "per": 30.5,
        "pbr": 9.29,
        "is_per_red": false,
        "is_pbr_red": false
      },
      {
        "date": "2020/06/30",
        "per": 36.72,
        "pbr": 10.88,
        "is_per_red": false,
        "is_pbr_red": false
      },
      {
        "date": "2021/06/30",
        "per": 57.86,
        "pbr": 18.1,
        "is_per_red": false,
        "is_pbr_red": false
      },
      {
        "date": "2022/06/30",
        "per": 12.61,
        "pbr": 5.57,
        "is_per_red": false,
        "is_pbr_red": false
      },
      {
        "date": "2023/06/30",
        "per": 15.88,
        "pbr": 6.13,
        "is_per_red": false,
        "is_pbr_red": false
      },
      {
        "date": "2024/06/28",
        "per": 15.58,
        "pbr": 5.05,
        "is_per_red": false,
        "is_pbr_red": false
      }
    ],
    "daily_data": [],
    "financial_data": [
      {
        "fiscal_year": "2013/06",
        "sales": 155.0,
        "ordinary_profit": -92.0,
        "net_profit": -92.0,
        "roe": -69.58,
        "operating_margin": -1
      },
      {
        "fiscal_year": "2014/06",
        "sales": 375.0,
        "ordinary_profit": -162.0,
        "net_profit": -163.0,
        "roe": -123.26,
        "operating_margin": -1
      },
      {
        "fiscal_year": "2015/06",
        "sales": 704.0,
        "ordinary_profit": 76.0,
        "net_profit": 75.0,
        "roe": 18.21
      },
      {
        "fiscal_year": "2016/06",
        "sales": 869.0,
        "operating_profit": 40.0,
        "ordinary_profit": 46.0,
        "net_profit": 73.0,
        "eps": 65.0,
        "roe": 17.69,
        "roa": -40.33,
        "operating_margin": 3.13,
        "cost_ratio": 4.62,
        "sga_ratio": 45.64
      },
      {
        "fiscal_year": "2017/06",
        "sales": 1030.0,
        "operating_profit": 68.0,
        "ordinary_profit": 77.0,
        "net_profit": 90.0,
        "eps": 93.0,
        "roe": 21.73,
        "roa": -101.4,
        "operating_margin": 2.6,
        "cost_ratio": 6.56,
        "sga_ratio": 42.54
      },
      {
        "fiscal_year": "2018/06",
        "sales": 1290.0,
        "operating_profit": 162.0,
        "ordinary_profit": 158.0,
        "net_profit": 103.0,
        "eps": 102.0,
        "roe": 23.73,
        "roa": 31.99,
        "operating_margin": 2.0,
        "cost_ratio": 12.62,
        "sga_ratio": 36.31
      },
      {
        "fiscal_year": "2019/06",
        "sales": 1650.0,
        "operating_profit": 181.0,
        "ordinary_profit": 213.0,
        "net_profit": 143.0,
        "eps": 147.0,
        "roe": 29.02,
        "roa": 30.1,
        "operating_margin": 2.14,
        "cost_ratio": 10.98,
        "sga_ratio": 39.35
      },
      {
        "fiscal_year": "2020/06",
        "sales": 1960.0000000000002,
        "operating_profit": 204.99999999999997,
        "ordinary_profit": 285.0,
        "net_profit": 187.0,
        "eps": 178.0,
        "roe": 37.36,
        "roa": 29.57,
        "operating_margin": 2.25,
        "cost_ratio": 10.47,
        "sga_ratio": 39.2
      },
      {
        "fiscal_year": "2021/06",
        "sales": 2620.0,
        "operating_profit": 382.0,
        "ordinary_profit": 458.0,
        "net_profit": 243.00000000000003,
        "eps": 313.0,
        "roe": 48.74,
        "roa": 31.21,
        "operating_margin": 1.68,
        "cost_ratio": 14.55,
        "sga_ratio": 36.76
      },
      {
        "fiscal_year": "2022/06",
        "sales": 3310.0,
        "operating_profit": 650.0,
        "ordinary_profit": 767.0,
        "net_profit": 546.0,
        "eps": 562.0,
        "roe": 109.48,
        "roa": 43.93,
        "operating_margin": 3.37,
        "cost_ratio": 19.68,
        "sga_ratio": 33.74
      },
      {
        "fiscal_year": "2023/06",
        "sales": 3920.0000000000005,
        "operating_profit": 742.0,
        "ordinary_profit": 1019.9999999999999,
        "net_profit": 751.0,
        "eps": 755.0,
        "roe": 149.75,
        "roa": 38.6,
        "operating_margin": 3.74,
        "cost_ratio": 18.92,
        "sga_ratio": 28.86
      },
      {
        "fiscal_year": "2024/06",
        "sales": 5360.0,
        "operating_profit": 1240.0,
        "ordinary_profit": 1510.0,
        "net_profit": 973.0,
        "eps": 1090.0,
        "roe": 193.88,
        "roa": 32.39,
        "operating_margin": 3.96,
        "cost_ratio": 23.14,
        "sga_ratio": 25.31
      },
      {
        "fiscal_year": "2025/06",
        "sales": 6900.0,
        "operating_profit": 1300.0,
        "ordinary_profit": 1600.0,
        "net_profit": 1180.0,
        "roe": 199.17,
        "roa": 37.44,
        "operating_margin": 4.73,
        "cost_ratio": 18.84
      }
    ],
    "dividend_data": [
      {
        "fiscal_year": "2017/03",
        "total_dividend": 0.0
      }
    ]
  },
  {
    "code": "7345",
    "name": "アイ・パートナーズフィナンシャル",
    "annual_data": [
      {
        "date": "2022/03/31",
        "per": 33.63,
        "pbr": 2.63,
        "is_per_red": false,
        "is_pbr_red": false
      },
      {
        "date": "2023/03/31",
        "per": -1,
        "pbr": 2.4,
        "is_per_red": true,
        "is_pbr_red": false
      },
      {
        "date": "2024/03/29",
        "per": 184.93,
        "pbr": 2.05,
        "is_per_red": false,
        "is_pbr_red": false
      }
    ],
    "daily_data": [],
    "financial_data": [
      {
        "fiscal_year": "2016/03",
        "sales": 723.0,
        "ordinary_profit": -2.6,
        "net_profit": -4.3,
        "roe": -2.51,
        "operating_margin": -1
      },
      {
        "fiscal_year": "2017/03",
        "sales": 1270.0,
        "ordinary_profit": 38.0,
        "net_profit": 24.0,
        "roe": 12.76,
        "operating_margin": 7.78
      },
      {
        "fiscal_year": "2018/03",
        "sales": 2140.0,
        "ordinary_profit": 128.0,
        "net_profit": 86.0,
        "roe": 40.63
      },
      {
        "fiscal_year": "2019/03",
        "sales": 2380.0,
        "operating_profit": 56.0,
        "ordinary_profit": 57.0,
        "net_profit": 39.0,
        "eps": 39.0,
        "roe": 18.26,
        "roa": 15.41,
        "operating_margin": 6.81,
        "cost_ratio": 2.34,
        "sga_ratio": 77.13
      },
      {
        "fiscal_year": "2020/03",
        "sales": 2470.0,
        "operating_profit": 6.1,
        "ordinary_profit": 7.4,
        "net_profit": -0.77,
        "eps": -0.77,
        "roe": -0.28,
        "roa": -1,
        "operating_margin": -1,
        "cost_ratio": 0.25,
        "sga_ratio": 74.74
      },
      {
        "fiscal_year": "2021/03",
        "sales": 4029.9999999999995,
        "operating_profit": 245.0,
        "ordinary_profit": 240.0,
        "net_profit": 153.0,
        "eps": 153.0,
        "roe": 55.35,
        "roa": 30.94,
        "operating_margin": 13.69,
        "cost_ratio": 6.09,
        "sga_ratio": 74.1
      },
      {
        "fiscal_year": "2022/03",
        "sales": 3810.0,
        "operating_profit": 117.0,
        "ordinary_profit": 110.0,
        "net_profit": 65.0,
        "eps": 65.0,
        "roe": 20.31,
        "roa": 7.45,
        "operating_margin": 5.38,
        "cost_ratio": 3.07,
        "sga_ratio": 77.34
      },
      {
        "fiscal_year": "2023/03",
        "sales": 3000.0,
        "operating_profit": -121.0,
        "ordinary_profit": -121.0,
        "net_profit": -132.0,
        "eps": -132.0,
        "roe": -40.48,
        "roa": -1,
        "operating_margin": -1,
        "cost_ratio": -4.03,
        "sga_ratio": 77.83
      },
      {
        "fiscal_year": "2024/03",
        "sales": 3729.9999999999995,
        "operating_profit": 14.0,
        "ordinary_profit": 14.0,
        "net_profit": 7.4,
        "eps": 7.4,
        "roe": 2.33,
        "roa": 1.17,
        "operating_margin": 0.69,
        "cost_ratio": 0.37,
        "sga_ratio": 79.34
      }
    ],
    "dividend_data": [
      {
        "fiscal_year": "2016/03",
        "total_dividend": 0.0
      },
      {
        "fiscal_year": "2017/03",
        "total_dividend": 2.5
      },
      {
        "fiscal_year": "2018/03",
        "total_dividend": 2.5
      },
      {
        "fiscal_year": "2019/03",
        "total_dividend": 2.5
      },
      {
        "fiscal_year": "2020/03",
        "total_dividend": 1.25
      },
      {
        "fiscal_year": "2021/03",
        "total_dividend": 2.5
      }
    ]
  },
  {
    "code": "7383",
    "name": "ネットプロテクションズホールディングス",
    "annual_data": [
      {
        "date": "2022/03/31",
        "per": 271.65,
        "pbr": 3.67,
        "is_per_red": false,
        "is_pbr_red": false
      },
      {
        "date": "2023/03/31",
        "per": -1,
        "pbr": 2.8,
        "is_per_red": true,
        "is_pbr_red": false
      },
      {
        "date": "2024/03/29",
        "per": -1,
        "pbr": 1.25,
        "is_per_red": true,
        "is_pbr_red": false
      }
    ],
    "daily_data": [],
    "financial_data": [],
    "dividend_data": [
      {
        "fiscal_year": "2021/03",
        "total_dividend": 0.0
      }
    ]
  },
  {
    "code": "7386",
    "name": "ジャパンワランティサポート",
    "annual_data": [
      {
        "date": "2022/09/30",
        "per": 9.47,
        "pbr": 2.23,
        "is_per_red": false,
        "is_pbr_red": false
      },
      {
        "date": "2023/09/29",
        "per": 22.32,
        "pbr": 4.95,
        "is_per_red": false,
        "is_pbr_red": false
      },
      {
        "date": "2024/09/30",
        "per": 11.58,
        "pbr": 2.61,
        "is_per_red": false,
        "is_pbr_red": false
      }
    ],
    "daily_data": [],
    "financial_data": [
      {
        "fiscal_year": "2017/09",
        "sales": 351.0,
        "ordinary_profit": 211.0,
        "net_profit": 146.0,
        "eps": 72.82,
        "roa": 8.93
      },
      {
        "fiscal_year": "2018/09",
        "sales": 522.0,
        "ordinary_profit": 323.0,
        "net_profit": 209.0,
        "eps": 104.64,
        "roa": 6.91
      },
      {
        "fiscal_year": "2019/09",
        "sales": 742.0,
        "ordinary_profit": 470.0,
        "net_profit": 219.0,
        "eps": 109.52,
        "roa": 3.85
      },
      {
        "fiscal_year": "2020/09",
        "sales": 1060.0,
        "operating_profit": 435.0,
        "ordinary_profit": 450.0,
        "net_profit": 294.0,
        "eps": 146.8,
        "roe": 42.22,
        "roa": 4.19,
        "operating_margin": 41.12,
        "cost_ratio": 31.18,
        "sga_ratio": 27.7
      },
      {
        "fiscal_year": "2021/09",
        "sales": 1250.0,
        "operating_profit": 485.0,
        "ordinary_profit": 494.0,
        "net_profit": 322.0,
        "eps": 160.95,
        "roe": 28.3,
        "roa": 3.81,
        "operating_margin": 38.79,
        "cost_ratio": 30.51,
        "sga_ratio": 30.7
      },
      {
        "fiscal_year": "2022/09",
        "sales": 1450.0,
        "operating_profit": 556.0,
        "ordinary_profit": 551.0,
        "net_profit": 358.0,
        "eps": 176.82,
        "roe": 22.79,
        "roa": 3.64,
        "operating_margin": 38.44,
        "cost_ratio": 31.97,
        "sga_ratio": 29.58
      },
      {
        "fiscal_year": "2023/09",
        "sales": 1660.0000000000002,
        "operating_profit": 619.0,
        "ordinary_profit": 668.0,
        "net_profit": 454.0,
        "eps": 203.67,
        "roe": 21.5,
        "roa": 4.13,
        "operating_margin": 37.17,
        "cost_ratio": 33.9,
        "sga_ratio": 28.93
      },
      {
        "fiscal_year": "2024/09",
        "sales": 1980.0,
        "operating_profit": 815.0,
        "ordinary_profit": 871.0,
        "net_profit": 597.0,
        "eps": 252.67,
        "roe": 21.54,
        "roa": 5.11,
        "operating_margin": 41.08,
        "cost_ratio": 32.05,
        "sga_ratio": 26.87
      },
      {
        "fiscal_year": "2025/09",
        "sales": 2050.0,
        "operating_profit": 730.0,
        "ordinary_profit": 769.0,
        "net_profit": 523.0,
        "eps": 211.47,
        "roe": 18.87,
        "roa": 4.48,
        "operating_margin": 35.59
      }
    ],
    "dividend_data": [
      {
        "fiscal_year": "2021/03",
        "total_dividend": 0.0,
        "dividend_yield": 0.0
      }
    ]
  },
  {
    "code": "8253",
    "name": "クレディセゾン",
    "annual_data": [
      {
        "date": "2010/03/31",
        "per": 14.39,
        "pbr": 0.81,
        "is_per_red": false,
        "is_pbr_red": false
      },
      {
        "date": "2011/03/31",
        "per": 19.34,
        "pbr": 0.73,
        "is_per_red": false,
        "is_pbr_red": false
      },
      {
        "date": "2012/03/30",
        "per": 32.86,
        "pbr": 0.9,
        "is_per_red": false,
        "is_pbr_red": false
      },
      {
        "date": "2013/03/29",
        "per": 13.26,
        "pbr": 1.17,
        "is_per_red": false,
        "is_pbr_red": false
      },
      {
        "date": "2014/03/31",
        "per": 14.75,
        "pbr": 0.96,
        "is_per_red": false,
        "is_pbr_red": false
      },
      {
        "date": "2015/03/31",
        "per": 31.38,
        "pbr": 0.99,
        "is_per_red": false,
        "is_pbr_red": false
      },
      {
        "date": "2016/03/31",
        "per": 13.29,
        "pbr": 0.85,
        "is_per_red": false,
        "is_pbr_red": false
      },
      {
        "date": "2017/03/31",
        "per": 7.68,
        "pbr": 0.71,
        "is_per_red": false,
        "is_pbr_red": false
      },
      {
        "date": "2018/03/30",
        "per": 7.42,
        "pbr": 0.58,
        "is_per_red": false,
        "is_pbr_red": false
      },
      {
        "date": "2019/03/29",
        "per": 7.82,
        "pbr": 0.49,
        "is_per_red": false,
        "is_pbr_red": false
      },
      {
        "date": "2020/03/31",
        "per": 8.76,
        "pbr": 0.4,
        "is_per_red": false,
        "is_pbr_red": false
      },
      {
        "date": "2021/03/31",
        "per": 5.74,
        "pbr": 0.39,
        "is_per_red": false,
        "is_pbr_red": false
      },
      {
        "date": "2022/03/31",
        "per": 5.76,
        "pbr": 0.36,
        "is_per_red": false,
        "is_pbr_red": false
      },
      {
        "date": "2023/03/31",
        "per": 6.02,
        "pbr": 0.44,
        "is_per_red": false,
        "is_pbr_red": false
      },
      {
        "date": "2024/03/29",
        "per": 7.01,
        "pbr": 0.73,
        "is_per_red": false,
        "is_pbr_red": false
      }
    ],
    "daily_data": [],
    "financial_data": [
      {
        "fiscal_year": "2008/03",
        "sales": 345600.0,
        "operating_profit": 57200.0,
        "ordinary_profit": 58100.0,
        "net_profit": 26800.0,
        "roa": 7.1,
        "operating_margin": 1.09,
        "cost_ratio": 16.55
      },
      {
        "fiscal_year": "2009/03",
        "sales": 327100.0,
        "operating_profit": 34500.0,
        "ordinary_profit": 31000.0,
        "net_profit": -55500.0,
        "roa": -1,
        "operating_margin": -1,
        "cost_ratio": 10.56
      },
      {
        "fiscal_year": "2010/03",
        "sales": 306900.0,
        "operating_profit": 36200.0,
        "ordinary_profit": 39100.0,
        "net_profit": 18700.0,
        "roe": 100.73,
        "roa": 5.59,
        "operating_margin": 0.79,
        "cost_ratio": 11.79
      },
      {
        "fiscal_year": "2011/03",
        "sales": 285700.0,
        "operating_profit": 27400.0,
        "ordinary_profit": 33800.0,
        "net_profit": 12800.0,
        "eps": 13000.0,
        "roe": 69.18,
        "roa": 3.77,
        "operating_margin": 0.57,
        "cost_ratio": 9.58
      },
      {
        "fiscal_year": "2012/03",
        "sales": 244000.0,
        "operating_profit": 31900.0,
        "ordinary_profit": 38600.0,
        "net_profit": 9450.0,
        "eps": 13400.0,
        "roe": 50.97,
        "roa": 2.75,
        "operating_margin": 0.44,
        "cost_ratio": 13.06
      },
      {
        "fiscal_year": "2013/03",
        "sales": 244400.0,
        "operating_profit": 42300.0,
        "ordinary_profit": 53200.0,
        "net_profit": 32800.0,
        "eps": 43600.0,
        "roe": 176.71,
        "roa": 8.8,
        "operating_margin": 1.53,
        "cost_ratio": 17.31
      },
      {
        "fiscal_year": "2014/03",
        "sales": 247600.0,
        "operating_profit": 36300.0,
        "ordinary_profit": 44400.0,
        "net_profit": 25600.0,
        "eps": 33600.0,
        "roe": 139.15,
        "roa": 6.51,
        "operating_margin": 1.12,
        "cost_ratio": 14.68
      },
      {
        "fiscal_year": "2015/03",
        "sales": 259100.0,
        "operating_profit": 40200.0,
        "ordinary_profit": 43700.0,
        "net_profit": 12600.0,
        "eps": 29800.0,
        "roe": 68.77,
        "roa": 3.16,
        "operating_margin": 0.53,
        "cost_ratio": 15.5
      },
      {
        "fiscal_year": "2016/03",
        "sales": 269900.0,
        "operating_profit": 36600.0,
        "ordinary_profit": 43800.0,
        "net_profit": 26200.0,
        "eps": 25400.0,
        "roe": 147.37,
        "roa": 6.99,
        "operating_margin": 1.03,
        "cost_ratio": 13.56
      },
      {
        "fiscal_year": "2017/03",
        "sales": 278900.0,
        "operating_profit": 31200.0,
        "ordinary_profit": 53100.0,
        "net_profit": 42300.0,
        "eps": 33600.0,
        "roe": 258.7,
        "roa": 9.29,
        "operating_margin": 1.54,
        "cost_ratio": 11.19
      },
      {
        "fiscal_year": "2018/03",
        "sales": 293300.0,
        "ordinary_profit": 56700.0,
        "net_profit": 38400.0,
        "eps": 39800.0,
        "roe": 235.38,
        "roa": 7.86,
        "operating_margin": 1.3,
        "cost_ratio": 4.82,
        "sga_ratio": 22.19
      },
      {
        "fiscal_year": "2019/03",
        "sales": 304900.0,
        "ordinary_profit": 54200.0,
        "net_profit": 30500.0,
        "eps": 20300.0,
        "roe": 186.84,
        "roa": 6.22,
        "operating_margin": 0.95,
        "cost_ratio": 5.54,
        "sga_ratio": 21.97
      },
      {
        "fiscal_year": "2020/03",
        "sales": 311400.0,
        "net_profit": 22900.0,
        "eps": 11400.0,
        "roe": 143.43,
        "roa": 4.72,
        "operating_margin": 0.68,
        "cost_ratio": -3.6,
        "sga_ratio": 27.52
      },
      {
        "fiscal_year": "2021/03",
        "sales": 282600.0,
        "net_profit": 36100.0,
        "eps": 53300.0,
        "roe": 231.24,
        "roa": 6.8,
        "operating_margin": 1.06,
        "cost_ratio": 13.26,
        "sga_ratio": 15.13
      },
      {
        "fiscal_year": "2022/03",
        "sales": 299000.0,
        "net_profit": 35400.0,
        "eps": 38400.0,
        "roe": 226.35,
        "roa": 6.29,
        "operating_margin": 0.98,
        "cost_ratio": 4.19,
        "sga_ratio": 21.38
      },
      {
        "fiscal_year": "2023/03",
        "sales": 382500.0,
        "net_profit": 43600.0,
        "eps": 46300.0,
        "roe": 278.91,
        "roa": 7.29,
        "operating_margin": 1.12,
        "cost_ratio": 24.64,
        "sga_ratio": 15.66
      },
      {
        "fiscal_year": "2024/03",
        "sales": 361600.0,
        "net_profit": 73000.0,
        "eps": 94000.0,
        "roe": 453.08,
        "roa": 10.35,
        "operating_margin": 1.68,
        "cost_ratio": 16.62,
        "sga_ratio": 16.24
      },
      {
        "fiscal_year": "2025/03",
        "sales": 416000.0,
        "operating_profit": 80000.0,
        "net_profit": 55000.0,
        "roe": 350.48,
        "roa": 8.02,
        "operating_margin": 1.24,
        "cost_ratio": 19.23
      }
    ],
    "dividend_data": [
      {
        "fiscal_year": "2010/03",
        "total_dividend": 2.07
      },
      {
        "fiscal_year": "2011/03",
        "total_dividend": 2.24
      },
      {
        "fiscal_year": "2012/03",
        "total_dividend": 1.79
      },
      {
        "fiscal_year": "2013/03",
        "total_dividend": 1.28
      }
    ]
  },
  {
    "code": "8424",
    "name": "芙蓉総合リース",
    "annual_data": [
      {
        "date": "2010/03/31",
        "per": 7.01,
        "pbr": 0.8,
        "is_per_red": false,
        "is_pbr_red": false
      },
      {
        "date": "2011/03/31",
        "per": 5.58,
        "pbr": 0.68,
        "is_per_red": false,
        "is_pbr_red": false
      },
      {
        "date": "2012/03/30",
        "per": 5.39,
        "pbr": 0.69,
        "is_per_red": false,
        "is_pbr_red": false
      },
      {
        "date": "2013/03/29",
        "per": 6.85,
        "pbr": 0.69,
        "is_per_red": false,
        "is_pbr_red": false
      },
      {
        "date": "2014/03/31",
        "per": 8.63,
        "pbr": 0.62,
        "is_per_red": false,
        "is_pbr_red": false
      },
      {
        "date": "2015/03/31",
        "per": 10.27,
        "pbr": 0.73,
        "is_per_red": false,
        "is_pbr_red": false
      },
      {
        "date": "2016/03/31",
        "per": 8.3,
        "pbr": 0.7,
        "is_per_red": false,
        "is_pbr_red": false
      },
      {
        "date": "2017/03/31",
        "per": 7.54,
        "pbr": 0.66,
        "is_per_red": false,
        "is_pbr_red": false
      },
      {
        "date": "2018/03/30",
        "per": 9.87,
        "pbr": 0.87,
        "is_per_red": false,
        "is_pbr_red": false
      },
      {
        "date": "2019/03/29",
        "per": 6.49,
        "pbr": 0.63,
        "is_per_red": false,
        "is_pbr_red": false
      },
      {
        "date": "2020/03/31",
        "per": 6.28,
        "pbr": 0.6,
        "is_per_red": false,
        "is_pbr_red": false
      },
      {
        "date": "2021/03/31",
        "per": 7.73,
        "pbr": 0.75,
        "is_per_red": false,
        "is_pbr_red": false
      },
      {
        "date": "2022/03/31",
        "per": 6.18,
        "pbr": 0.63,
        "is_per_red": false,
        "is_pbr_red": false
      },
      {
        "date": "2023/03/31",
        "per": 6.93,
        "pbr": 0.74,
        "is_per_red": false,
        "is_pbr_red": false
      },
      {
        "date": "2024/03/29",
        "per": 8.76,
        "pbr": 0.96,
        "is_per_red": false,
        "is_pbr_red": false
      }
    ],
    "daily_data": [],
    "financial_data": [
      {
        "fiscal_year": "2008/03",
        "sales": 399100.0,
        "operating_profit": 16200.0,
        "ordinary_profit": 17900.0,
        "net_profit": 12100.0,
        "roa": 14.84,
        "operating_margin": 0.95,
        "cost_ratio": 4.05,
        "sga_ratio": 92.24
      },
      {
        "fiscal_year": "2009/03",
        "sales": 372300.0,
        "operating_profit": 16000.0,
        "ordinary_profit": 17400.0,
        "net_profit": 10000.0,
        "roa": 11.59,
        "operating_margin": 0.59,
        "cost_ratio": 4.29,
        "sga_ratio": 87.83
      },
      {
        "fiscal_year": "2010/03",
        "sales": 382000.0,
        "operating_profit": 21700.0,
        "ordinary_profit": 23600.0,
        "net_profit": 11400.0,
        "roe": 377.45,
        "roa": 11.43,
        "operating_margin": 0.68,
        "cost_ratio": 5.69,
        "sga_ratio": 87.29
      },
      {
        "fiscal_year": "2011/03",
        "sales": 408500.0,
        "operating_profit": 25100.0,
        "ordinary_profit": 27100.0,
        "net_profit": 13500.0,
        "eps": 14100.0,
        "roe": 444.6,
        "roa": 12.18,
        "operating_margin": 0.81,
        "cost_ratio": 6.15,
        "sga_ratio": 86.9
      },
      {
        "fiscal_year": "2012/03",
        "sales": 421500.0,
        "operating_profit": 28700.0,
        "ordinary_profit": 32100.0,
        "net_profit": 16500.0,
        "eps": 21600.0,
        "roe": 544.41,
        "roa": 12.87,
        "operating_margin": 0.99,
        "cost_ratio": 6.8,
        "sga_ratio": 87.58
      },
      {
        "fiscal_year": "2013/03",
        "sales": 442600.0,
        "operating_profit": 24800.0,
        "ordinary_profit": 26400.0,
        "net_profit": 15600.0,
        "eps": 31200.0,
        "roe": 516.61,
        "roa": 10.1,
        "operating_margin": 0.89,
        "cost_ratio": 5.6,
        "sga_ratio": 88.86
      },
      {
        "fiscal_year": "2014/03",
        "sales": 441700.0,
        "operating_profit": 23200.0,
        "ordinary_profit": 25400.0,
        "net_profit": 13000.0,
        "eps": 31100.0,
        "roe": 429.47,
        "roa": 7.13,
        "operating_margin": 0.7,
        "cost_ratio": 5.25,
        "sga_ratio": 89.32
      },
      {
        "fiscal_year": "2015/03",
        "sales": 472300.0,
        "operating_profit": 24500.0,
        "ordinary_profit": 26500.0,
        "net_profit": 14200.0,
        "eps": 22700.0,
        "roe": 470.11,
        "roa": 7.11,
        "operating_margin": 0.71,
        "cost_ratio": 5.19,
        "sga_ratio": 89.71
      },
      {
        "fiscal_year": "2016/03",
        "sales": 493800.0,
        "operating_profit": 24400.0,
        "ordinary_profit": 29200.0,
        "net_profit": 17500.0,
        "eps": 12800.0,
        "roe": 579.14,
        "roa": 8.39,
        "operating_margin": 0.83,
        "cost_ratio": 4.94,
        "sga_ratio": 89.63
      },
      {
        "fiscal_year": "2017/03",
        "sales": 507200.0,
        "operating_profit": 28600.0,
        "ordinary_profit": 31400.0,
        "net_profit": 20000.0,
        "eps": 25400.0,
        "roe": 661.8,
        "roa": 8.77,
        "operating_margin": 0.87,
        "cost_ratio": 5.65,
        "sga_ratio": 89.09
      },
      {
        "fiscal_year": "2018/03",
        "sales": 590300.0,
        "operating_profit": 32700.0,
        "ordinary_profit": 35200.0,
        "net_profit": 21900.0,
        "eps": 27700.0,
        "roe": 726.39,
        "roa": 8.81,
        "operating_margin": 0.9,
        "cost_ratio": 5.54,
        "sga_ratio": 89.75
      },
      {
        "fiscal_year": "2019/03",
        "sales": 618100.0,
        "operating_profit": 35700.0,
        "ordinary_profit": 39100.0,
        "net_profit": 25500.0,
        "eps": 22000.0,
        "roe": 844.68,
        "roa": 9.75,
        "operating_margin": 0.98,
        "cost_ratio": 5.77,
        "sga_ratio": 89.21
      },
      {
        "fiscal_year": "2020/03",
        "sales": 712300.0,
        "operating_profit": 41400.0,
        "ordinary_profit": 44000.0,
        "net_profit": 26200.0,
        "eps": 25200.0,
        "roe": 871.94,
        "roa": 9.49,
        "operating_margin": 0.95,
        "cost_ratio": 5.82,
        "sga_ratio": 89.28
      },
      {
        "fiscal_year": "2021/03",
        "sales": 740300.0,
        "operating_profit": 44600.0,
        "ordinary_profit": 48000.0,
        "net_profit": 29600.0,
        "eps": 41100.0,
        "roe": 986.16,
        "roa": 9.71,
        "operating_margin": 0.99,
        "cost_ratio": 6.02,
        "sga_ratio": 88.82
      },
      {
        "fiscal_year": "2022/03",
        "sales": 657800.0,
        "operating_profit": 46000.0,
        "ordinary_profit": 52700.0,
        "net_profit": 33900.0,
        "eps": 38200.0,
        "roe": 1130.5,
        "roa": 10.18,
        "operating_margin": 1.15,
        "cost_ratio": 7.0,
        "sga_ratio": 86.49
      },
      {
        "fiscal_year": "2023/03",
        "sales": 688700.0,
        "operating_profit": 51600.0,
        "ordinary_profit": 59700.0,
        "net_profit": 38900.0,
        "eps": 50300.0,
        "roe": 1299.24,
        "roa": 10.62,
        "operating_margin": 1.24,
        "cost_ratio": 7.49,
        "sga_ratio": 85.87
      },
      {
        "fiscal_year": "2024/03",
        "sales": 708500.0,
        "operating_profit": 60000.0,
        "ordinary_profit": 68400.0,
        "net_profit": 47200.0,
        "eps": 79400.0,
        "roe": 1571.43,
        "roa": 10.94,
        "operating_margin": 1.39,
        "cost_ratio": 8.47,
        "sga_ratio": 84.54
      },
      {
        "fiscal_year": "2025/03",
        "operating_profit": 60000.0,
        "ordinary_profit": 66000.0,
        "net_profit": 45000.0,
        "roe": 1494.61,
        "roa": 9.63,
        "operating_margin": 1.3
      }
    ],
    "dividend_data": [
      {
        "fiscal_year": "2010/03",
        "total_dividend": 58.0,
        "dividend_yield": 2.19
      },
      {
        "fiscal_year": "2011/03",
        "total_dividend": 62.0,
        "dividend_yield": 2.5
      },
      {
        "fiscal_year": "2012/03",
        "total_dividend": 66.0,
        "dividend_yield": 2.25
      },
      {
        "fiscal_year": "2013/03",
        "total_dividend": 70.0,
        "dividend_yield": 1.98
      }
    ]
  },
  {
    "code": "8425",
    "name": "みずほリース",
    "annual_data": [
      {
        "date": "2010/03/31",
        "per": 9.79,
        "pbr": 1.11,
        "is_per_red": false,
        "is_pbr_red": false
      },
      {
        "date": "2011/03/31",
        "per": 8.17,
        "pbr": 1.08,
        "is_per_red": false,
        "is_pbr_red": false
      },
      {
        "date": "2012/03/30",
        "per": 18.4,
        "pbr": 1.12,
        "is_per_red": false,
        "is_pbr_red": false
      },
      {
        "date": "2013/03/29",
        "per": 11.94,
        "pbr": 1.33,
        "is_per_red": false,
        "is_pbr_red": false
      },
      {
        "date": "2014/03/31",
        "per": 9.84,
        "pbr": 1.06,
        "is_per_red": false,
        "is_pbr_red": false
      },
      {
        "date": "2015/03/31",
        "per": 9.51,
        "pbr": 0.9,
        "is_per_red": false,
        "is_pbr_red": false
      },
      {
        "date": "2016/03/31",
        "per": 7.35,
        "pbr": 0.67,
        "is_per_red": false,
        "is_pbr_red": false
      },
      {
        "date": "2017/03/31",
        "per": 8.16,
        "pbr": 0.74,
        "is_per_red": false,
        "is_pbr_red": false
      },
      {
        "date": "2018/03/30",
        "per": 9.38,
        "pbr": 0.86,
        "is_per_red": false,
        "is_pbr_red": false
      },
      {
        "date": "2019/03/29",
        "per": 6.73,
        "pbr": 0.74,
        "is_per_red": false,
        "is_pbr_red": false
      },
      {
        "date": "2020/03/31",
        "per": 5.84,
        "pbr": 0.55,
        "is_per_red": false,
        "is_pbr_red": false
      },
      {
        "date": "2021/03/31",
        "per": 7.39,
        "pbr": 0.8,
        "is_per_red": false,
        "is_pbr_red": false
      },
      {
        "date": "2022/03/31",
        "per": 9.66,
        "pbr": 0.66,
        "is_per_red": false,
        "is_pbr_red": false
      },
      {
        "date": "2023/03/31",
        "per": 5.98,
        "pbr": 0.65,
        "is_per_red": false,
        "is_pbr_red": false
      },
      {
        "date": "2024/03/29",
        "per": 8.01,
        "pbr": 0.91,
        "is_per_red": false,
        "is_pbr_red": false
      }
    ],
    "daily_data": [],
    "financial_data": [
      {
        "fiscal_year": "2008/03",
        "sales": 341300.0,
        "operating_profit": 11500.0,
        "ordinary_profit": 12200.0,
        "net_profit": 7800.0,
        "roa": 13.91,
        "operating_margin": 0.65,
        "cost_ratio": 3.38,
        "sga_ratio": 92.24
      },
      {
        "fiscal_year": "2009/03",
        "sales": 298700.0,
        "operating_profit": 6759.999999999999,
        "ordinary_profit": 6759.999999999999,
        "net_profit": 3350.0,
        "roa": 6.13,
        "operating_margin": 0.31,
        "cost_ratio": 2.26,
        "sga_ratio": 90.6
      },
      {
        "fiscal_year": "2010/03",
        "sales": 263600.0,
        "operating_profit": 11300.0,
        "ordinary_profit": 12100.0,
        "net_profit": 7020.0,
        "roe": 38.1,
        "roa": 11.34,
        "operating_margin": 0.69,
        "cost_ratio": 4.27,
        "sga_ratio": 88.81
      },
      {
        "fiscal_year": "2011/03",
        "sales": 256100.0,
        "operating_profit": 15400.0,
        "ordinary_profit": 15900.0,
        "net_profit": 9030.0,
        "eps": 8260.0,
        "roe": 48.98,
        "roa": 13.2,
        "operating_margin": 0.88,
        "cost_ratio": 6.03,
        "sga_ratio": 87.86
      },
      {
        "fiscal_year": "2012/03",
        "sales": 270100.0,
        "operating_profit": 10700.0,
        "ordinary_profit": 11100.0,
        "net_profit": 4300.0,
        "eps": 4240.0,
        "roe": 23.32,
        "roa": 6.07,
        "operating_margin": 0.32,
        "cost_ratio": 3.96,
        "sga_ratio": 88.41
      },
      {
        "fiscal_year": "2013/03",
        "sales": 352500.0,
        "operating_profit": 14700.0,
        "ordinary_profit": 15400.0,
        "net_profit": 8920.0,
        "eps": 11900.0,
        "roe": 48.41,
        "roa": 11.11,
        "operating_margin": 0.65,
        "cost_ratio": 4.16,
        "sga_ratio": 89.31
      },
      {
        "fiscal_year": "2014/03",
        "sales": 354800.0,
        "operating_profit": 16700.0,
        "ordinary_profit": 17400.0,
        "net_profit": 10500.0,
        "eps": 13400.0,
        "roe": 52.95,
        "roa": 10.04,
        "operating_margin": 0.72,
        "cost_ratio": 4.71,
        "sga_ratio": 89.69
      },
      {
        "fiscal_year": "2015/03",
        "sales": 353700.0,
        "operating_profit": 17900.0,
        "ordinary_profit": 19000.0,
        "net_profit": 11100.0,
        "eps": 15800.0,
        "roe": 52.26,
        "roa": 9.45,
        "operating_margin": 0.72,
        "cost_ratio": 5.07,
        "sga_ratio": 90.03
      },
      {
        "fiscal_year": "2016/03",
        "sales": 364200.0,
        "operating_profit": 17600.0,
        "ordinary_profit": 18600.0,
        "net_profit": 11600.0,
        "eps": 12100.0,
        "roe": 54.44,
        "roa": 9.14,
        "operating_margin": 0.68,
        "cost_ratio": 4.83,
        "sga_ratio": 89.44
      },
      {
        "fiscal_year": "2017/03",
        "sales": 429400.0,
        "operating_profit": 18000.0,
        "ordinary_profit": 18800.0,
        "net_profit": 12400.0,
        "eps": 12400.0,
        "roe": 58.22,
        "roa": 9.09,
        "operating_margin": 0.71,
        "cost_ratio": 4.18,
        "sga_ratio": 90.87
      },
      {
        "fiscal_year": "2018/03",
        "sales": 399700.0,
        "operating_profit": 19200.0,
        "ordinary_profit": 20000.0,
        "net_profit": 13600.0,
        "eps": 15700.0,
        "roe": 63.98,
        "roa": 9.16,
        "operating_margin": 0.75,
        "cost_ratio": 4.79,
        "sga_ratio": 90.44
      },
      {
        "fiscal_year": "2019/03",
        "sales": 384900.0,
        "operating_profit": 22900.0,
        "ordinary_profit": 24200.0,
        "net_profit": 16600.0,
        "eps": 13100.0,
        "roe": 77.73,
        "roa": 9.56,
        "operating_margin": 0.77,
        "cost_ratio": 5.95,
        "sga_ratio": 88.53
      },
      {
        "fiscal_year": "2020/03",
        "sales": 539200.0,
        "operating_profit": 26300.0,
        "ordinary_profit": 26700.0,
        "net_profit": 17500.0,
        "eps": 17600.0,
        "roe": 72.09,
        "roa": 9.46,
        "operating_margin": 0.75,
        "cost_ratio": 4.87,
        "sga_ratio": 90.63
      },
      {
        "fiscal_year": "2021/03",
        "sales": 497900.0,
        "operating_profit": 26000.0,
        "ordinary_profit": 27500.0,
        "net_profit": 21800.0,
        "eps": 20100.0,
        "roe": 90.02,
        "roa": 10.85,
        "operating_margin": 0.84,
        "cost_ratio": 5.22,
        "sga_ratio": 89.69
      },
      {
        "fiscal_year": "2022/03",
        "sales": 554800.0,
        "operating_profit": 17900.0,
        "ordinary_profit": 20100.0,
        "net_profit": 14900.0,
        "eps": 25100.0,
        "roe": 61.61,
        "roa": 6.79,
        "operating_margin": 0.54,
        "cost_ratio": 3.23,
        "sga_ratio": 90.17
      },
      {
        "fiscal_year": "2023/03",
        "sales": 529700.0,
        "operating_profit": 31800.0,
        "ordinary_profit": 40100.0,
        "net_profit": 28400.0,
        "eps": 50900.0,
        "roe": 117.35,
        "roa": 10.81,
        "operating_margin": 0.96,
        "cost_ratio": 6.0,
        "sga_ratio": 88.41
      },
      {
        "fiscal_year": "2024/03",
        "sales": 656100.0,
        "operating_profit": 39500.0,
        "ordinary_profit": 50900.0,
        "net_profit": 35200.0,
        "eps": 56700.0,
        "roe": 145.06,
        "roa": 11.4,
        "operating_margin": 1.05,
        "cost_ratio": 6.02,
        "sga_ratio": 88.78
      },
      {
        "fiscal_year": "2025/03",
        "operating_profit": 47000.0,
        "ordinary_profit": 55000.0,
        "net_profit": 38000.0,
        "roe": 135.76,
        "roa": 10.13,
        "operating_margin": 1.05
      }
    ],
    "dividend_data": [
      {
        "fiscal_year": "2010/03",
        "total_dividend": 44.0,
        "dividend_yield": 8.8
      },
      {
        "fiscal_year": "2011/03",
        "total_dividend": 46.0,
        "dividend_yield": 9.2
      },
      {
        "fiscal_year": "2012/03",
        "total_dividend": 48.0,
        "dividend_yield": 9.6
      },
      {
        "fiscal_year": "2013/03",
        "total_dividend": 50.0,
        "dividend_yield": 10.0
      }
    ]
  },
  {
    "code": "8439",
    "name": "東京センチュリー",
    "annual_data": [
      {
        "date": "2010/03/31",
        "per": 5.41,
        "pbr": 0.92,
        "is_per_red": false,
        "is_pbr_red": false
      },
      {
        "date": "2011/03/31",
        "per": 6.17,
        "pbr": 0.86,
        "is_per_red": false,
        "is_pbr_red": false
      },
      {
        "date": "2012/03/30",
        "per": 6.81,
        "pbr": 0.93,
        "is_per_red": false,
        "is_pbr_red": false
      },
      {
        "date": "2013/03/29",
        "per": 9.21,
        "pbr": 1.2,
        "is_per_red": false,
        "is_pbr_red": false
      },
      {
        "date": "2014/03/31",
        "per": 9.27,
        "pbr": 1.21,
        "is_per_red": false,
        "is_pbr_red": false
      },
      {
        "date": "2015/03/31",
        "per": 11.32,
        "pbr": 1.32,
        "is_per_red": false,
        "is_pbr_red": false
      },
      {
        "date": "2016/03/31",
        "per": 11.01,
        "pbr": 1.38,
        "is_per_red": false,
        "is_pbr_red": false
      },
      {
        "date": "2017/03/31",
        "per": 9.17,
        "pbr": 1.13,
        "is_per_red": false,
        "is_pbr_red": false
      },
      {
        "date": "2018/03/30",
        "per": 13.56,
        "pbr": 1.76,
        "is_per_red": false,
        "is_pbr_red": false
      },
      {
        "date": "2019/03/29",
        "per": 9.73,
        "pbr": 1.19,
        "is_per_red": false,
        "is_pbr_red": false
      },
      {
        "date": "2020/03/31",
        "per": 6.45,
        "pbr": 0.74,
        "is_per_red": false,
        "is_pbr_red": false
      },
      {
        "date": "2021/03/31",
        "per": 18.48,
        "pbr": 1.59,
        "is_per_red": false,
        "is_pbr_red": false
      },
      {
        "date": "2022/03/31",
        "per": 10.97,
        "pbr": 0.82,
        "is_per_red": false,
        "is_pbr_red": false
      },
      {
        "date": "2023/03/31",
        "per": 113.04,
        "pbr": 0.71,
        "is_per_red": false,
        "is_pbr_red": false
      },
      {
        "date": "2024/03/29",
        "per": 10.77,
        "pbr": 0.89,
        "is_per_red": false,
        "is_pbr_red": false
      }
    ],
    "daily_data": [],
    "financial_data": [
      {
        "fiscal_year": "2008/03",
        "sales": 310000.0,
        "operating_profit": 8840.0,
        "ordinary_profit": 10200.0,
        "net_profit": 6530.0,
        "roa": 11.37,
        "operating_margin": 0.82,
        "cost_ratio": 2.88,
        "sga_ratio": 93.59
      },
      {
        "fiscal_year": "2009/03",
        "sales": 270000.0,
        "operating_profit": 8510.0,
        "ordinary_profit": 9870.0,
        "net_profit": 5960.0,
        "roa": 9.83,
        "operating_margin": 0.7,
        "cost_ratio": 3.19,
        "sga_ratio": 92.06
      },
      {
        "fiscal_year": "2010/03",
        "sales": 760000.0,
        "operating_profit": 30300.0,
        "ordinary_profit": 33400.0,
        "net_profit": 25500.0,
        "roe": 59.89,
        "roa": 16.98,
        "operating_margin": 1.2,
        "cost_ratio": 3.99,
        "sga_ratio": 91.42
      },
      {
        "fiscal_year": "2011/03",
        "sales": 710000.0,
        "operating_profit": 41000.0,
        "ordinary_profit": 44200.0,
        "net_profit": 23600.0,
        "eps": 23900.0,
        "roe": 55.44,
        "roa": 13.91,
        "operating_margin": 1.08,
        "cost_ratio": 5.75,
        "sga_ratio": 89.96
      },
      {
        "fiscal_year": "2012/03",
        "sales": 720000.0,
        "operating_profit": 41900.0,
        "ordinary_profit": 46300.0,
        "net_profit": 26200.0,
        "eps": 26700.0,
        "roe": 61.42,
        "roa": 13.72,
        "operating_margin": 1.16,
        "cost_ratio": 5.85,
        "sga_ratio": 89.86
      },
      {
        "fiscal_year": "2013/03",
        "sales": 690000.0,
        "operating_profit": 42000.0,
        "ordinary_profit": 46300.0,
        "net_profit": 28900.0,
        "eps": 37200.0,
        "roe": 67.84,
        "roa": 13.01,
        "operating_margin": 1.17,
        "cost_ratio": 6.07,
        "sga_ratio": 89.74
      },
      {
        "fiscal_year": "2014/03",
        "sales": 830000.0,
        "operating_profit": 51400.0,
        "ordinary_profit": 55200.0,
        "net_profit": 33100.0,
        "eps": 39600.0,
        "roe": 77.91,
        "roa": 13.09,
        "operating_margin": 1.15,
        "cost_ratio": 6.21,
        "sga_ratio": 88.25
      },
      {
        "fiscal_year": "2015/03",
        "sales": 880000.0,
        "operating_profit": 58400.0,
        "ordinary_profit": 60700.0,
        "net_profit": 34100.0,
        "eps": 51200.0,
        "roe": 80.71,
        "roa": 11.65,
        "operating_margin": 1.08,
        "cost_ratio": 6.62,
        "sga_ratio": 85.99
      },
      {
        "fiscal_year": "2016/03",
        "sales": 940000.0,
        "operating_profit": 65900.0,
        "ordinary_profit": 68000.0,
        "net_profit": 40000.0,
        "eps": 38800.0,
        "roe": 94.84,
        "roa": 12.5,
        "operating_margin": 1.21,
        "cost_ratio": 7.01,
        "sga_ratio": 85.45
      },
      {
        "fiscal_year": "2017/03",
        "sales": 980000.0,
        "operating_profit": 72000.0,
        "ordinary_profit": 73500.0,
        "net_profit": 43600.0,
        "eps": 49700.0,
        "roe": 103.38,
        "roa": 12.31,
        "operating_margin": 1.22,
        "cost_ratio": 7.38,
        "sga_ratio": 84.34
      },
      {
        "fiscal_year": "2018/03",
        "sales": 1010000.0,
        "operating_profit": 73700.0,
        "ordinary_profit": 79000.0,
        "net_profit": 51300.0,
        "eps": 57100.0,
        "roe": 121.52,
        "roa": 12.96,
        "operating_margin": 1.37,
        "cost_ratio": 7.29,
        "sga_ratio": 83.88
      },
      {
        "fiscal_year": "2019/03",
        "sales": 1070000.0,
        "operating_profit": 77700.0,
        "ordinary_profit": 86300.0,
        "net_profit": 52300.0,
        "eps": 50300.0,
        "roe": 123.73,
        "roa": 12.25,
        "operating_margin": 1.28,
        "cost_ratio": 7.28,
        "sga_ratio": 82.98
      },
      {
        "fiscal_year": "2020/03",
        "sales": 1170000.0,
        "operating_profit": 88300.0,
        "ordinary_profit": 91100.0,
        "net_profit": 56300.0,
        "eps": 57200.0,
        "roe": 131.24,
        "roa": 10.15,
        "operating_margin": 1.0,
        "cost_ratio": 7.57,
        "sga_ratio": 82.18
      },
      {
        "fiscal_year": "2021/03",
        "sales": 1200000.0,
        "operating_profit": 77200.0,
        "ordinary_profit": 78100.0,
        "net_profit": 49100.0,
        "eps": 39800.0,
        "roe": 100.64,
        "roa": 8.62,
        "operating_margin": 0.88,
        "cost_ratio": 6.43,
        "sga_ratio": 83.25
      },
      {
        "fiscal_year": "2022/03",
        "sales": 1280000.0,
        "operating_profit": 82700.0,
        "ordinary_profit": 90500.0,
        "net_profit": 50300.0,
        "eps": 129300.0,
        "roe": 102.89,
        "roa": 7.47,
        "operating_margin": 0.89,
        "cost_ratio": 6.47,
        "sga_ratio": 83.8
      },
      {
        "fiscal_year": "2023/03",
        "sales": 1320000.0,
        "operating_profit": 91200.0,
        "ordinary_profit": 106200.0,
        "net_profit": 4770.0,
        "eps": 116200.0,
        "roe": 9.74,
        "roa": 0.63,
        "operating_margin": 0.08,
        "cost_ratio": 6.88,
        "sga_ratio": 82.98
      },
      {
        "fiscal_year": "2024/03",
        "sales": 1350000.0,
        "operating_profit": 104200.0,
        "ordinary_profit": 117300.0,
        "net_profit": 72100.0,
        "eps": 145100.0,
        "roe": 147.32,
        "roa": 8.27,
        "operating_margin": 1.12,
        "cost_ratio": 7.74,
        "sga_ratio": 81.19
      },
      {
        "fiscal_year": "2025/03",
        "ordinary_profit": 125000.0,
        "net_profit": 80000.0,
        "roe": 163.97,
        "roa": 7.76,
        "operating_margin": 1.16
      }
    ],
    "dividend_data": [
      {
        "fiscal_year": "2010/03",
        "total_dividend": 32.0,
        "dividend_yield": 8.0
      },
      {
        "fiscal_year": "2011/03",
        "total_dividend": 40.0,
        "dividend_yield": 10.0
      },
      {
        "fiscal_year": "2012/03",
        "total_dividend": 44.0,
        "dividend_yield": 11.0
      },
      {
        "fiscal_year": "2013/03",
        "total_dividend": 48.0,
        "dividend_yield": 12.0
      }
    ]
  },
  {
    "code": "8508",
    "name": "Ｊトラスト",
    "annual_data": [
      {
        "date": "2010/03/31",
        "per": 1.66,
        "pbr": 0.62,
        "is_per_red": false,
        "is_pbr_red": false
      },
      {
        "date": "2011/03/31",
        "per": 3.76,
        "pbr": 0.88,
        "is_per_red": false,
        "is_pbr_red": false
      },
      {
        "date": "2012/03/30",
        "per": 1.42,
        "pbr": 1.02,
        "is_per_red": false,
        "is_pbr_red": false
      },
      {
        "date": "2013/03/29",
        "per": 15.83,
        "pbr": 3.36,
        "is_per_red": false,
        "is_pbr_red": false
      },
      {
        "date": "2014/03/31",
        "per": 11.89,
        "pbr": 0.9,
        "is_per_red": false,
        "is_pbr_red": false
      },
      {
        "date": "2015/03/31",
        "per": 12.03,
        "pbr": 0.68,
        "is_per_red": false,
        "is_pbr_red": false
      },
      {
        "date": "2016/03/31",
        "per": -1,
        "pbr": 0.65,
        "is_per_red": true,
        "is_pbr_red": false
      },
      {
        "date": "2017/03/31",
        "per": -1,
        "pbr": 0.64,
        "is_per_red": true,
        "is_pbr_red": false
      },
      {
        "date": "2018/03/30",
        "per": -1,
        "pbr": 0.5,
        "is_per_red": true,
        "is_pbr_red": false
      },
      {
        "date": "2019/12/30",
        "per": -1,
        "pbr": 0.45,
        "is_per_red": true,
        "is_pbr_red": false
      },
      {
        "date": "2020/12/30",
        "per": -1,
        "pbr": 0.23,
        "is_per_red": true,
        "is_pbr_red": false
      },
      {
        "date": "2021/12/30",
        "per": 53.63,
        "pbr": 0.63,
        "is_per_red": false,
        "is_pbr_red": false
      },
      {
        "date": "2022/12/30",
        "per": 4.68,
        "pbr": 0.52,
        "is_per_red": false,
        "is_pbr_red": false
      },
      {
        "date": "2023/12/29",
        "per": 3.81,
        "pbr": 0.42,
        "is_per_red": false,
        "is_pbr_red": false
      }
    ],
    "daily_data": [],
    "financial_data": [],
    "dividend_data": [
      {
        "fiscal_year": "2010/03",
        "total_dividend": 10.0,
        "dividend_yield": 5.0
      },
      {
        "fiscal_year": "2011/03",
        "total_dividend": 10.0,
        "dividend_yield": 5.0
      },
      {
        "fiscal_year": "2012/03",
        "total_dividend": 12.0,
        "dividend_yield": 6.0
      },
      {
        "fiscal_year": "2013/03",
        "total_dividend": 7.0,
        "dividend_yield": 7.0
      }
    ]
  },
  {
    "code": "8511",
    "name": "日本証券金融",
    "annual_data": [
      {
        "date": "2010/03/31",
        "per": 18.02,
        "pbr": 0.57,
        "is_per_red": false,
        "is_pbr_red": false
      },
      {
        "date": "2011/03/31",
        "per": 14.76,
        "pbr": 0.45,
        "is_per_red": false,
        "is_pbr_red": false
      },
      {
        "date": "2012/03/30",
        "per": 57.64,
        "pbr": 0.39,
        "is_per_red": false,
        "is_pbr_red": false
      },
      {
        "date": "2013/03/29",
        "per": 38.19,
        "pbr": 0.57,
        "is_per_red": false,
        "is_pbr_red": false
      },
      {
        "date": "2014/03/31",
        "per": 9.91,
        "pbr": 0.47,
        "is_per_red": false,
        "is_pbr_red": false
      },
      {
        "date": "2015/03/31",
        "per": 22.36,
        "pbr": 0.55,
        "is_per_red": false,
        "is_pbr_red": false
      },
      {
        "date": "2016/03/31",
        "per": 16.8,
        "pbr": 0.31,
        "is_per_red": false,
        "is_pbr_red": false
      },
      {
        "date": "2017/03/31",
        "per": 18.56,
        "pbr": 0.41,
        "is_per_red": false,
        "is_pbr_red": false
      },
      {
        "date": "2018/03/30",
        "per": 14.76,
        "pbr": 0.43,
        "is_per_red": false,
        "is_pbr_red": false
      },
      {
        "date": "2019/03/29",
        "per": 14.59,
        "pbr": 0.38,
        "is_per_red": false,
        "is_pbr_red": false
      },
      {
        "date": "2020/03/31",
        "per": 12.82,
        "pbr": 0.36,
        "is_per_red": false,
        "is_pbr_red": false
      },
      {
        "date": "2021/03/31",
        "per": 18.44,
        "pbr": 0.54,
        "is_per_red": false,
        "is_pbr_red": false
      },
      {
        "date": "2022/03/31",
        "per": 16.27,
        "pbr": 0.6,
        "is_per_red": false,
        "is_pbr_red": false
      },
      {
        "date": "2023/03/31",
        "per": 15.01,
        "pbr": 0.65,
        "is_per_red": false,
        "is_pbr_red": false
      },
      {
        "date": "2024/03/29",
        "per": 17.81,
        "pbr": 0.97,
        "is_per_red": false,
        "is_pbr_red": false
      }
    ],
    "daily_data": [],
    "financial_data": [],
    "dividend_data": [
      {
        "fiscal_year": "2010/03",
        "total_dividend": 14.0,
        "dividend_yield": 2.04
      },
      {
        "fiscal_year": "2011/03",
        "total_dividend": 14.0,
        "dividend_yield": 2.55
      },
      {
        "fiscal_year": "2012/03",
        "total_dividend": 14.0,
        "dividend_yield": 2.92
      },
      {
        "fiscal_year": "2013/03",
        "total_dividend": 14.0,
        "dividend_yield": 1.93
      }
    ]
  },
  {
    "code": "8515",
    "name": "アイフル",
    "annual_data": [
      {
        "date": "2010/03/31",
        "per": -1,
        "pbr": 0.35,
        "is_per_red": true,
        "is_pbr_red": false
      },
      {
        "date": "2011/03/31",
        "per": -1,
        "pbr": 0.41,
        "is_per_red": true,
        "is_pbr_red": false
      },
      {
        "date": "2012/03/30",
        "per": 2.38,
        "pbr": 0.52,
        "is_per_red": false,
        "is_pbr_red": false
      },
      {
        "date": "2013/03/29",
        "per": 13.29,
        "pbr": 2.94,
        "is_per_red": false,
        "is_pbr_red": false
      },
      {
        "date": "2014/03/31",
        "per": 4.99,
        "pbr": 1.14,
        "is_per_red": false,
        "is_pbr_red": false
      },
      {
        "date": "2015/03/31",
        "per": -1,
        "pbr": 2.13,
        "is_per_red": true,
        "is_pbr_red": false
      },
      {
        "date": "2016/03/31",
        "per": 27.28,
        "pbr": 1.86,
        "is_per_red": false,
        "is_pbr_red": false
      },
      {
        "date": "2017/03/31",
        "per": 21.73,
        "pbr": 1.43,
        "is_per_red": false,
        "is_pbr_red": false
      },
      {
        "date": "2018/03/30",
        "per": 43.03,
        "pbr": 1.49,
        "is_per_red": false,
        "is_pbr_red": false
      },
      {
        "date": "2019/03/29",
        "per": 14.39,
        "pbr": 1.08,
        "is_per_red": false,
        "is_pbr_red": false
      },
      {
        "date": "2020/03/31",
        "per": 84.32,
        "pbr": 0.93,
        "is_per_red": false,
        "is_pbr_red": false
      },
      {
        "date": "2021/03/31",
        "per": 8.39,
        "pbr": 1.06,
        "is_per_red": false,
        "is_pbr_red": false
      },
      {
        "date": "2022/03/31",
        "per": 14.08,
        "pbr": 1.13,
        "is_per_red": false,
        "is_pbr_red": false
      },
      {
        "date": "2023/03/31",
        "per": 7.77,
        "pbr": 0.99,
        "is_per_red": false,
        "is_pbr_red": false
      },
      {
        "date": "2024/03/29",
        "per": 10.22,
        "pbr": 1.13,
        "is_per_red": false,
        "is_pbr_red": false
      }
    ],
    "daily_data": [],
    "financial_data": [],
    "dividend_data": [
      {
        "fiscal_year": "2013/03",
        "total_dividend": 0.0,
        "dividend_yield": 0.0
      }
    ]
  },
  {
    "code": "8566",
    "name": "リコーリース",
    "annual_data": [
      {
        "date": "2010/03/31",
        "per": 10.26,
        "pbr": 0.71,
        "is_per_red": false,
        "is_pbr_red": false
      },
      {
        "date": "2011/03/31",
        "per": 9.02,
        "pbr": 0.62,
        "is_per_red": false,
        "is_pbr_red": false
      },
      {
        "date": "2012/03/30",
        "per": 6.38,
        "pbr": 0.55,
        "is_per_red": false,
        "is_pbr_red": false
      },
      {
        "date": "2013/03/29",
        "per": 7.84,
        "pbr": 0.67,
        "is_per_red": false,
        "is_pbr_red": false
      },
      {
        "date": "2014/03/31",
        "per": 8.03,
        "pbr": 0.6,
        "is_per_red": false,
        "is_pbr_red": false
      },
      {
        "date": "2015/03/31",
        "per": 10.98,
        "pbr": 0.82,
        "is_per_red": false,
        "is_pbr_red": false
      },
      {
        "date": "2016/03/31",
        "per": 9.45,
        "pbr": 0.72,
        "is_per_red": false,
        "is_pbr_red": false
      },
      {
        "date": "2017/03/31",
        "per": 9.47,
        "pbr": 0.72,
        "is_per_red": false,
        "is_pbr_red": false
      },
      {
        "date": "2018/03/30",
        "per": 9.72,
        "pbr": 0.67,
        "is_per_red": false,
        "is_pbr_red": false
      },
      {
        "date": "2019/03/29",
        "per": 8.73,
        "pbr": 0.6,
        "is_per_red": false,
        "is_pbr_red": false
      },
      {
        "date": "2020/03/31",
        "per": 7.43,
        "pbr": 0.48,
        "is_per_red": false,
        "is_pbr_red": false
      },
      {
        "date": "2021/03/31",
        "per": 8.9,
        "pbr": 0.56,
        "is_per_red": false,
        "is_pbr_red": false
      },
      {
        "date": "2022/03/31",
        "per": 7.61,
        "pbr": 0.51,
        "is_per_red": false,
        "is_pbr_red": false
      },
      {
        "date": "2023/03/31",
        "per": 7.9,
        "pbr": 0.55,
        "is_per_red": false,
        "is_pbr_red": false
      },
      {
        "date": "2024/03/29",
        "per": 14.57,
        "pbr": 0.74,
        "is_per_red": false,
        "is_pbr_red": false
      }
    ],
    "daily_data": [],
    "financial_data": [
      {
        "fiscal_year": "2008/03",
        "sales": 248600.0,
        "operating_profit": 13200.0,
        "ordinary_profit": 13200.0,
        "net_profit": 7700.0,
        "roa": 9.0,
        "operating_margin": 1.13,
        "cost_ratio": 5.31,
        "sga_ratio": 89.86
      },
      {
        "fiscal_year": "2009/03",
        "sales": 232700.0,
        "operating_profit": 10200.0,
        "ordinary_profit": 10200.0,
        "net_profit": 6120.0,
        "roa": 6.78,
        "operating_margin": 0.93,
        "cost_ratio": 4.38,
        "sga_ratio": 88.98
      },
      {
        "fiscal_year": "2010/03",
        "sales": 228600.0,
        "operating_profit": 11500.0,
        "ordinary_profit": 11300.0,
        "net_profit": 6650.0,
        "roe": 212.98,
        "roa": 6.94,
        "operating_margin": 1.07,
        "cost_ratio": 5.04,
        "sga_ratio": 87.75
      },
      {
        "fiscal_year": "2011/03",
        "sales": 229700.0,
        "operating_profit": 12200.0,
        "ordinary_profit": 12200.0,
        "net_profit": 7020.0,
        "eps": 7080.0,
        "roe": 224.72,
        "roa": 6.91,
        "operating_margin": 1.14,
        "cost_ratio": 5.33,
        "sga_ratio": 86.97
      },
      {
        "fiscal_year": "2012/03",
        "sales": 230600.0,
        "operating_profit": 16800.0,
        "ordinary_profit": 16800.0,
        "net_profit": 9420.0,
        "eps": 9420.0,
        "roe": 301.48,
        "roa": 8.58,
        "operating_margin": 1.47,
        "cost_ratio": 7.3,
        "sga_ratio": 87.06
      },
      {
        "fiscal_year": "2013/03",
        "sales": 234000.0,
        "operating_profit": 17000.0,
        "ordinary_profit": 16900.0,
        "net_profit": 10200.0,
        "eps": 10400.0,
        "roe": 326.95,
        "roa": 8.6,
        "operating_margin": 1.46,
        "cost_ratio": 7.28,
        "sga_ratio": 87.78
      },
      {
        "fiscal_year": "2014/03",
        "sales": 245900.0,
        "operating_profit": 16100.0,
        "ordinary_profit": 15900.0,
        "net_profit": 9550.0,
        "eps": 9730.0,
        "roe": 305.92,
        "roa": 7.53,
        "operating_margin": 1.22,
        "cost_ratio": 6.53,
        "sga_ratio": 88.37
      },
      {
        "fiscal_year": "2015/03",
        "sales": 258700.0,
        "operating_profit": 16500.0,
        "ordinary_profit": 16400.0,
        "net_profit": 10100.0,
        "eps": 10400.0,
        "roe": 324.7,
        "roa": 7.47,
        "operating_margin": 1.22,
        "cost_ratio": 6.38,
        "sga_ratio": 88.48
      },
      {
        "fiscal_year": "2016/03",
        "sales": 275900.0,
        "operating_profit": 17000.0,
        "ordinary_profit": 16800.0,
        "net_profit": 11000.0,
        "eps": 11200.0,
        "roe": 353.94,
        "roa": 7.62,
        "operating_margin": 1.26,
        "cost_ratio": 6.14,
        "sga_ratio": 88.99
      },
      {
        "fiscal_year": "2017/03",
        "sales": 291100.0,
        "operating_profit": 17300.0,
        "ordinary_profit": 17200.0,
        "net_profit": 11800.0,
        "eps": 12200.0,
        "roe": 377.11,
        "roa": 7.58,
        "operating_margin": 1.28,
        "cost_ratio": 5.95,
        "sga_ratio": 89.3
      },
      {
        "fiscal_year": "2018/03",
        "sales": 304300.0,
        "operating_profit": 16600.0,
        "ordinary_profit": 16400.0,
        "net_profit": 11300.0,
        "eps": 11900.0,
        "roe": 362.18,
        "roa": 6.85,
        "operating_margin": 1.17,
        "cost_ratio": 5.44,
        "sga_ratio": 89.73
      },
      {
        "fiscal_year": "2019/03",
        "sales": 314000.0,
        "operating_profit": 17300.0,
        "ordinary_profit": 17400.0,
        "net_profit": 11900.0,
        "eps": 11800.0,
        "roe": 382.59,
        "roa": 6.85,
        "operating_margin": 1.15,
        "cost_ratio": 5.5,
        "sga_ratio": 89.51
      },
      {
        "fiscal_year": "2020/03",
        "sales": 332300.0,
        "operating_profit": 17000.0,
        "ordinary_profit": 17100.0,
        "net_profit": 11800.0,
        "eps": 11500.0,
        "roe": 382.77,
        "roa": 6.51,
        "operating_margin": 1.03,
        "cost_ratio": 5.12,
        "sga_ratio": 89.41
      },
      {
        "fiscal_year": "2021/03",
        "sales": 326300.0,
        "operating_profit": 17500.0,
        "ordinary_profit": 17500.0,
        "net_profit": 12000.0,
        "eps": 12400.0,
        "roe": 389.91,
        "roa": 6.28,
        "operating_margin": 1.04,
        "cost_ratio": 5.35,
        "sga_ratio": 88.44
      },
      {
        "fiscal_year": "2022/03",
        "sales": 303900.0,
        "operating_profit": 19300.0,
        "ordinary_profit": 19500.0,
        "net_profit": 13500.0,
        "eps": 13500.0,
        "roe": 437.34,
        "roa": 6.69,
        "operating_margin": 1.14,
        "cost_ratio": 6.35,
        "sga_ratio": 86.82
      },
      {
        "fiscal_year": "2023/03",
        "sales": 298900.0,
        "operating_profit": 21200.0,
        "ordinary_profit": 21600.0,
        "net_profit": 14900.0,
        "eps": 14200.0,
        "roe": 482.47,
        "roa": 7.03,
        "operating_margin": 1.2,
        "cost_ratio": 7.1,
        "sga_ratio": 85.52
      },
      {
        "fiscal_year": "2024/03",
        "sales": 308300.0,
        "operating_profit": 21000.0,
        "ordinary_profit": 21500.0,
        "net_profit": 11300.0,
        "eps": 15000.0,
        "roe": 365.88,
        "roa": 5.08,
        "operating_margin": 0.9,
        "cost_ratio": 6.81,
        "sga_ratio": 85.22
      },
      {
        "fiscal_year": "2025/03",
        "sales": 315000.0,
        "operating_profit": 21100.0,
        "ordinary_profit": 21200.0,
        "net_profit": 14700.0,
        "roe": 476.89,
        "roa": 6.46,
        "operating_margin": 1.1,
        "cost_ratio": 6.7
      }
    ],
    "dividend_data": [
      {
        "fiscal_year": "2010/03",
        "total_dividend": 38.0,
        "dividend_yield": 1.74
      },
      {
        "fiscal_year": "2011/03",
        "total_dividend": 39.0,
        "dividend_yield": 1.92
      },
      {
        "fiscal_year": "2012/03",
        "total_dividend": 41.0,
        "dividend_yield": 2.13
      },
      {
        "fiscal_year": "2013/03",
        "total_dividend": 43.0,
        "dividend_yield": 1.68
      }
    ]
  },
  {
    "code": "8570",
    "name": "イオンフィナンシャルサービス",
    "annual_data": [
      {
        "date": "2010/02/26",
        "per": 722.22,
        "pbr": 0.92,
        "is_per_red": false,
        "is_pbr_red": false
      },
      {
        "date": "2011/02/28",
        "per": 20.48,
        "pbr": 1.23,
        "is_per_red": false,
        "is_pbr_red": false
      },
      {
        "date": "2012/02/20",
        "per": 19.39,
        "pbr": 1.1,
        "is_per_red": false,
        "is_pbr_red": false
      },
      {
        "date": "2013/03/29",
        "per": 36.8,
        "pbr": 2.17,
        "is_per_red": false,
        "is_pbr_red": false
      },
      {
        "date": "2014/03/31",
        "per": 22.24,
        "pbr": 1.77,
        "is_per_red": false,
        "is_pbr_red": false
      },
      {
        "date": "2015/03/31",
        "per": 19.9,
        "pbr": 2.2,
        "is_per_red": false,
        "is_pbr_red": false
      },
      {
        "date": "2016/03/31",
        "per": 14.75,
        "pbr": 1.81,
        "is_per_red": false,
        "is_pbr_red": false
      },
      {
        "date": "2017/03/31",
        "per": 11.05,
        "pbr": 1.31,
        "is_per_red": false,
        "is_pbr_red": false
      },
      {
        "date": "2018/03/30",
        "per": 13.64,
        "pbr": 1.43,
        "is_per_red": false,
        "is_pbr_red": false
      },
      {
        "date": "2019/03/29",
        "per": 12.34,
        "pbr": 1.28,
        "is_per_red": false,
        "is_pbr_red": false
      },
      {
        "date": "2020/02/28",
        "per": 9.91,
        "pbr": 0.86,
        "is_per_red": false,
        "is_pbr_red": false
      },
      {
        "date": "2021/02/26",
        "per": 16.64,
        "pbr": 0.73,
        "is_per_red": false,
        "is_pbr_red": false
      },
      {
        "date": "2022/02/28",
        "per": 8.49,
        "pbr": 0.6,
        "is_per_red": false,
        "is_pbr_red": false
      },
      {
        "date": "2023/02/28",
        "per": 9.1,
        "pbr": 0.64,
        "is_per_red": false,
        "is_pbr_red": false
      },
      {
        "date": "2024/02/29",
        "per": 13.5,
        "pbr": 0.62,
        "is_per_red": false,
        "is_pbr_red": false
      }
    ],
    "daily_data": [],
    "financial_data": [],
    "dividend_data": [
      {
        "fiscal_year": "2010/03",
        "total_dividend": 40.0,
        "dividend_yield": 4.41
      },
      {
        "fiscal_year": "2011/03",
        "total_dividend": 40.0,
        "dividend_yield": 3.11
      },
      {
        "fiscal_year": "2012/03",
        "total_dividend": 45.0,
        "dividend_yield": 4.05
      },
      {
        "fiscal_year": "2013/03",
        "total_dividend": 50.0,
        "dividend_yield": 1.87
      }
    ]
  },
  {
    "code": "8572",
    "name": "アコム",
    "annual_data": [
      {
        "date": "2010/03/31",
        "per": -1,
        "pbr": 0.56,
        "is_per_red": true,
        "is_pbr_red": false
      },
      {
        "date": "2011/03/31",
        "per": -1,
        "pbr": 0.75,
        "is_per_red": true,
        "is_pbr_red": false
      },
      {
        "date": "2012/03/30",
        "per": 13.75,
        "pbr": 1.15,
        "is_per_red": false,
        "is_pbr_red": false
      },
      {
        "date": "2013/03/29",
        "per": 20.69,
        "pbr": 1.54,
        "is_per_red": false,
        "is_pbr_red": false
      },
      {
        "date": "2014/03/31",
        "per": 48.6,
        "pbr": 1.76,
        "is_per_red": false,
        "is_pbr_red": false
      },
      {
        "date": "2015/03/31",
        "per": 50.79,
        "pbr": 2.09,
        "is_per_red": false,
        "is_pbr_red": false
      },
      {
        "date": "2016/03/31",
        "per": 60.84,
        "pbr": 2.75,
        "is_per_red": false,
        "is_pbr_red": false
      },
      {
        "date": "2017/03/31",
        "per": -1,
        "pbr": 2.79,
        "is_per_red": true,
        "is_pbr_red": false
      },
      {
        "date": "2018/03/30",
        "per": 10.52,
        "pbr": 2.3,
        "is_per_red": false,
        "is_pbr_red": false
      },
      {
        "date": "2019/03/29",
        "per": 16.38,
        "pbr": 1.74,
        "is_per_red": false,
        "is_pbr_red": false
      },
      {
        "date": "2020/03/31",
        "per": 11.54,
        "pbr": 1.66,
        "is_per_red": false,
        "is_pbr_red": false
      },
      {
        "date": "2021/03/31",
        "per": 10.23,
        "pbr": 1.66,
        "is_per_red": false,
        "is_pbr_red": false
      },
      {
        "date": "2022/03/31",
        "per": 8.98,
        "pbr": 0.94,
        "is_per_red": false,
        "is_pbr_red": false
      },
      {
        "date": "2023/03/31",
        "per": 9.1,
        "pbr": 0.86,
        "is_per_red": false,
        "is_pbr_red": false
      },
      {
        "date": "2024/03/29",
        "per": 11.89,
        "pbr": 1.01,
        "is_per_red": false,
        "is_pbr_red": false
      }
    ],
    "daily_data": [],
    "financial_data": [],
    "dividend_data": [
      {
        "fiscal_year": "2010/03",
        "total_dividend": 10.0,
        "dividend_yield": 1.0
      },
      {
        "fiscal_year": "2013/03",
        "total_dividend": 0.0,
        "dividend_yield": 0.0
      }
    ]
  },
  {
    "code": "8584",
    "name": "ジャックス",
    "annual_data": [
      {
        "date": "2010/03/31",
        "per": 9.73,
        "pbr": 0.34,
        "is_per_red": false,
        "is_pbr_red": false
      },
      {
        "date": "2011/03/31",
        "per": 8.89,
        "pbr": 0.37,
        "is_per_red": false,
        "is_pbr_red": false
      },
      {
        "date": "2012/03/30",
        "per": 7.58,
        "pbr": 0.46,
        "is_per_red": false,
        "is_pbr_red": false
      },
      {
        "date": "2013/03/29",
        "per": 13.24,
        "pbr": 0.86,
        "is_per_red": false,
        "is_pbr_red": false
      },
      {
        "date": "2014/03/31",
        "per": 11.51,
        "pbr": 0.61,
        "is_per_red": false,
        "is_pbr_red": false
      },
      {
        "date": "2015/03/31",
        "per": 15.19,
        "pbr": 0.81,
        "is_per_red": false,
        "is_pbr_red": false
      },
      {
        "date": "2016/03/31",
        "per": 10.61,
        "pbr": 0.6,
        "is_per_red": false,
        "is_pbr_red": false
      },
      {
        "date": "2017/03/31",
        "per": 9.57,
        "pbr": 0.6,
        "is_per_red": false,
        "is_pbr_red": false
      },
      {
        "date": "2018/03/30",
        "per": 10.27,
        "pbr": 0.55,
        "is_per_red": false,
        "is_pbr_red": false
      },
      {
        "date": "2019/03/29",
        "per": 6.85,
        "pbr": 0.41,
        "is_per_red": false,
        "is_pbr_red": false
      },
      {
        "date": "2020/03/31",
        "per": 5.89,
        "pbr": 0.4,
        "is_per_red": false,
        "is_pbr_red": false
      },
      {
        "date": "2021/03/31",
        "per": 6.66,
        "pbr": 0.46,
        "is_per_red": false,
        "is_pbr_red": false
      },
      {
        "date": "2022/03/31",
        "per": 5.82,
        "pbr": 0.57,
        "is_per_red": false,
        "is_pbr_red": false
      },
      {
        "date": "2023/03/31",
        "per": 7.03,
        "pbr": 0.75,
        "is_per_red": false,
        "is_pbr_red": false
      },
      {
        "date": "2024/03/29",
        "per": 8.14,
        "pbr": 0.84,
        "is_per_red": false,
        "is_pbr_red": false
      }
    ],
    "daily_data": [],
    "financial_data": [],
    "dividend_data": [
      {
        "fiscal_year": "2010/03",
        "total_dividend": 5.0,
        "dividend_yield": 2.53
      },
      {
        "fiscal_year": "2011/03",
        "total_dividend": 5.0,
        "dividend_yield": 2.24
      },
      {
        "fiscal_year": "2012/03",
        "total_dividend": 10.0,
        "dividend_yield": 3.39
      },
      {
        "fiscal_year": "2013/03",
        "total_dividend": 11.0,
        "dividend_yield": 1.91
      }
    ]
  },
  {
    "code": "8585",
    "name": "オリエントコーポレーション",
    "annual_data": [
      {
        "date": "2010/03/31",
        "per": 5.1,
        "pbr": 0.22,
        "is_per_red": false,
        "is_pbr_red": false
      },
      {
        "date": "2011/03/31",
        "per": 12.94,
        "pbr": 0.32,
        "is_per_red": false,
        "is_pbr_red": false
      },
      {
        "date": "2012/03/30",
        "per": 31.7,
        "pbr": 0.33,
        "is_per_red": false,
        "is_pbr_red": false
      },
      {
        "date": "2013/03/29",
        "per": 69.9,
        "pbr": 1.07,
        "is_per_red": false,
        "is_pbr_red": false
      },
      {
        "date": "2014/03/31",
        "per": 7.09,
        "pbr": 0.73,
        "is_per_red": false,
        "is_pbr_red": false
      },
      {
        "date": "2015/03/31",
        "per": 8.5,
        "pbr": 0.64,
        "is_per_red": false,
        "is_pbr_red": false
      },
      {
        "date": "2016/03/31",
        "per": 12.83,
        "pbr": 1.4,
        "is_per_red": false,
        "is_pbr_red": false
      },
      {
        "date": "2017/03/31",
        "per": 12.04,
        "pbr": 1.14,
        "is_per_red": false,
        "is_pbr_red": false
      },
      {
        "date": "2018/03/30",
        "per": 10.24,
        "pbr": 1.11,
        "is_per_red": false,
        "is_pbr_red": false
      },
      {
        "date": "2019/03/29",
        "per": 6.72,
        "pbr": 0.76,
        "is_per_red": false,
        "is_pbr_red": false
      },
      {
        "date": "2020/03/31",
        "per": 10.06,
        "pbr": 0.83,
        "is_per_red": false,
        "is_pbr_red": false
      },
      {
        "date": "2021/03/31",
        "per": 13.43,
        "pbr": 1.02,
        "is_per_red": false,
        "is_pbr_red": false
      },
      {
        "date": "2022/03/31",
        "per": 10.93,
        "pbr": 0.99,
        "is_per_red": false,
        "is_pbr_red": false
      },
      {
        "date": "2023/03/31",
        "per": 9.94,
        "pbr": 0.83,
        "is_per_red": false,
        "is_pbr_red": false
      },
      {
        "date": "2024/03/29",
        "per": 14.64,
        "pbr": 0.77,
        "is_per_red": false,
        "is_pbr_red": false
      }
    ],
    "daily_data": [],
    "financial_data": [
      {
        "fiscal_year": "2008/03",
        "sales": 272600.0,
        "operating_profit": 15700.0,
        "ordinary_profit": 15700.0,
        "net_profit": 13300.0,
        "roa": 7.96,
        "operating_margin": 0.3,
        "cost_ratio": 5.77
      },
      {
        "fiscal_year": "2009/03",
        "sales": 247200.0,
        "operating_profit": 16600.0,
        "ordinary_profit": 16600.0,
        "net_profit": 14500.0,
        "roa": 8.17,
        "operating_margin": 0.33,
        "cost_ratio": 6.7
      },
      {
        "fiscal_year": "2010/03",
        "sales": 233600.0,
        "operating_profit": 9680.0,
        "ordinary_profit": 9680.0,
        "net_profit": 8080.0,
        "roe": 16.09,
        "roa": 4.35,
        "operating_margin": 0.19,
        "cost_ratio": 4.14
      },
      {
        "fiscal_year": "2011/03",
        "sales": 223800.0,
        "operating_profit": 4180.0,
        "ordinary_profit": 4180.0,
        "net_profit": 4620.0,
        "eps": 2740.0,
        "roe": 6.8,
        "roa": 2.45,
        "operating_margin": 0.11,
        "cost_ratio": 1.87
      },
      {
        "fiscal_year": "2012/03",
        "sales": 213700.0,
        "operating_profit": 3350.0,
        "ordinary_profit": 3350.0,
        "net_profit": 2000.0,
        "eps": 3510.0,
        "roe": 2.93,
        "roa": 1.04,
        "operating_margin": 0.05,
        "cost_ratio": 1.57
      },
      {
        "fiscal_year": "2013/03",
        "sales": 210600.0,
        "operating_profit": 4060.0,
        "ordinary_profit": 4060.0,
        "net_profit": 3020.0,
        "eps": 5230.0,
        "roe": 4.25,
        "roa": 1.53,
        "operating_margin": 0.07,
        "cost_ratio": 1.93
      },
      {
        "fiscal_year": "2014/03",
        "sales": 207500.0,
        "operating_profit": 26700.0,
        "ordinary_profit": 26700.0,
        "net_profit": 22700.0,
        "eps": 24600.0,
        "roe": 29.35,
        "roa": 10.06,
        "operating_margin": 0.48,
        "cost_ratio": 12.89
      },
      {
        "fiscal_year": "2015/03",
        "sales": 206400.0,
        "operating_profit": 20700.0,
        "ordinary_profit": 20700.0,
        "net_profit": 18500.0,
        "eps": 22100.0,
        "roe": 22.95,
        "roa": 7.4,
        "operating_margin": 0.37,
        "cost_ratio": 10.05
      },
      {
        "fiscal_year": "2016/03",
        "sales": 211800.0,
        "operating_profit": 29500.0,
        "ordinary_profit": 29500.0,
        "net_profit": 24600.0,
        "eps": 24000.0,
        "roe": 17.46,
        "roa": 8.97,
        "operating_margin": 0.48,
        "cost_ratio": 13.92
      },
      {
        "fiscal_year": "2017/03",
        "sales": 213700.0,
        "operating_profit": 33500.0,
        "ordinary_profit": 33500.0,
        "net_profit": 28700.0,
        "eps": 29900.0,
        "roe": 16.7,
        "roa": 9.44,
        "operating_margin": 0.54,
        "cost_ratio": 15.68,
        "sga_ratio": 80.01
      },
      {
        "fiscal_year": "2018/03",
        "sales": 224400.0,
        "operating_profit": 30100.0,
        "ordinary_profit": 30100.0,
        "net_profit": 28000.0,
        "eps": 34300.0,
        "roe": 16.32,
        "roa": 10.81,
        "operating_margin": 0.51,
        "cost_ratio": 13.41,
        "sga_ratio": 82.66
      },
      {
        "fiscal_year": "2019/03",
        "sales": 233400.0,
        "operating_profit": 22000.0,
        "ordinary_profit": 22000.0,
        "net_profit": 28900.0,
        "eps": 23400.0,
        "roe": 16.82,
        "roa": 11.27,
        "operating_margin": 0.52,
        "cost_ratio": 9.41,
        "sga_ratio": 86.11
      },
      {
        "fiscal_year": "2020/03",
        "sales": 243100.0,
        "operating_profit": 24400.0,
        "ordinary_profit": 24400.0,
        "net_profit": 20700.0,
        "eps": 16000.0,
        "roe": 12.03,
        "roa": 8.22,
        "operating_margin": 0.37,
        "cost_ratio": 10.05
      },
      {
        "fiscal_year": "2021/03",
        "sales": 229800.0,
        "operating_profit": 20800.0,
        "ordinary_profit": 22600.0,
        "net_profit": 19700.0,
        "eps": 33100.0,
        "roe": 11.47,
        "roa": 7.57,
        "operating_margin": 0.79,
        "cost_ratio": 9.06,
        "sga_ratio": 86.85
      },
      {
        "fiscal_year": "2022/03",
        "sales": 229800.0,
        "operating_profit": 29000.0,
        "ordinary_profit": 29000.0,
        "net_profit": 19500.0,
        "eps": 15100.0,
        "roe": 11.35,
        "roa": 9.08,
        "operating_margin": 0.79,
        "cost_ratio": 12.62
      },
      {
        "fiscal_year": "2023/03",
        "sales": 227700.0,
        "operating_profit": 23100.0,
        "ordinary_profit": 23100.0,
        "net_profit": 19000.0,
        "eps": 18200.0,
        "roe": 110.92,
        "roa": 8.38,
        "operating_margin": 0.79,
        "cost_ratio": 10.13
      },
      {
        "fiscal_year": "2024/03",
        "sales": 229100.0,
        "operating_profit": 16100.0,
        "ordinary_profit": 16100.0,
        "net_profit": 12600.0,
        "eps": 18100.0,
        "roe": 73.29,
        "roa": 5.28,
        "operating_margin": 0.4,
        "cost_ratio": 7.04
      },
      {
        "fiscal_year": "2025/03",
        "sales": 249500.0,
        "operating_profit": 12000.0,
        "ordinary_profit": 12000.0,
        "net_profit": 12000.0,
        "roe": 70.09,
        "roa": 5.14,
        "operating_margin": 0.41,
        "cost_ratio": 4.81
      }
    ],
    "dividend_data": [
      {
        "fiscal_year": "2013/03",
        "total_dividend": 0.0
      }
    ]
  },
  {
    "code": "8591",
    "name": "オリックス",
    "annual_data": [
      {
        "date": "2010/03/31",
        "per": 25.03,
        "pbr": 0.71,
        "is_per_red": false,
        "is_pbr_red": false
      },
      {
        "date": "2011/03/31",
        "per": 13.01,
        "pbr": 0.66,
        "is_per_red": false,
        "is_pbr_red": false
      },
      {
        "date": "2012/03/30",
        "per": 10.43,
        "pbr": 0.63,
        "is_per_red": false,
        "is_pbr_red": false
      },
      {
        "date": "2013/03/29",
        "per": 13.29,
        "pbr": 0.9,
        "is_per_red": false,
        "is_pbr_red": false
      },
      {
        "date": "2014/03/31",
        "per": 9.83,
        "pbr": 0.99,
        "is_per_red": false,
        "is_pbr_red": false
      },
      {
        "date": "2015/03/31",
        "per": 9.41,
        "pbr": 1.03,
        "is_per_red": false,
        "is_pbr_red": false
      },
      {
        "date": "2016/03/31",
        "per": 8.08,
        "pbr": 0.91,
        "is_per_red": false,
        "is_pbr_red": false
      },
      {
        "date": "2017/03/31",
        "per": 7.89,
        "pbr": 0.86,
        "is_per_red": false,
        "is_pbr_red": false
      },
      {
        "date": "2018/03/30",
        "per": 7.68,
        "pbr": 0.9,
        "is_per_red": false,
        "is_pbr_red": false
      },
      {
        "date": "2019/03/29",
        "per": 6.29,
        "pbr": 0.7,
        "is_per_red": false,
        "is_pbr_red": false
      },
      {
        "date": "2020/03/31",
        "per": 5.48,
        "pbr": 0.55,
        "is_per_red": false,
        "is_pbr_red": false
      },
      {
        "date": "2021/03/31",
        "per": 12.01,
        "pbr": 0.75,
        "is_per_red": false,
        "is_pbr_red": false
      },
      {
        "date": "2022/03/31",
        "per": 9.44,
        "pbr": 0.9,
        "is_per_red": false,
        "is_pbr_red": false
      },
      {
        "date": "2023/03/31",
        "per": 8.85,
        "pbr": 0.72,
        "is_per_red": false,
        "is_pbr_red": false
      }
    ],
    "daily_data": [],
    "financial_data": [
      {
        "fiscal_year": "2008/03",
        "sales": 470000.0,
        "operating_profit": 46400.0,
        "ordinary_profit": 71900.0,
        "roe": 15.41,
        "roa": 1.22,
        "operating_margin": 9.8,
        "cost_ratio": 68.21,
        "sga_ratio": 21.99
      },
      {
        "fiscal_year": "2009/03",
        "sales": 360000.0,
        "operating_profit": -16600.0,
        "ordinary_profit": 17500.0,
        "roe": 4.03,
        "roa": 0.35,
        "operating_margin": -4.58,
        "cost_ratio": 67.29,
        "sga_ratio": 37.28
      },
      {
        "fiscal_year": "2010/03",
        "sales": 890000.0,
        "ordinary_profit": 36500.0,
        "net_profit": 49800.0,
        "eps": 33.12,
        "roe": 2.84,
        "roa": 0.47
      },
      {
        "fiscal_year": "2011/03",
        "sales": 940000.0,
        "ordinary_profit": 66000.0,
        "net_profit": 52700.0,
        "eps": 59.89,
        "roe": 5.05,
        "roa": 0.77
      },
      {
        "fiscal_year": "2012/03",
        "sales": 960000.0,
        "ordinary_profit": 83500.0,
        "net_profit": 83700.0,
        "eps": 75.74,
        "roe": 6.05,
        "roa": 1.0
      },
      {
        "fiscal_year": "2013/03",
        "sales": 1050000.0,
        "operating_profit": 150900.0,
        "ordinary_profit": 111900.0,
        "net_profit": 171800.0,
        "eps": 89.62,
        "roe": 6.81,
        "roa": 1.33,
        "operating_margin": 14.33
      },
      {
        "fiscal_year": "2014/03",
        "sales": 1380000.0,
        "operating_profit": 203000.0,
        "ordinary_profit": 187400.0,
        "net_profit": 223700.0,
        "eps": 147.75,
        "roe": 9.76,
        "roa": 2.07,
        "operating_margin": 14.76
      },
      {
        "fiscal_year": "2015/03",
        "sales": 2170000.0,
        "operating_profit": 256800.0,
        "ordinary_profit": 234900.0,
        "net_profit": 265200.0,
        "eps": 179.47,
        "roe": 10.92,
        "roa": 2.05,
        "operating_margin": 11.81
      },
      {
        "fiscal_year": "2016/03",
        "sales": 2370000.0,
        "operating_profit": 287700.0,
        "ordinary_profit": 260200.0,
        "net_profit": 223600.0,
        "eps": 198.73,
        "roe": 11.26,
        "roa": 2.37,
        "operating_margin": 12.15
      },
      {
        "fiscal_year": "2017/03",
        "sales": 2680000.0,
        "operating_profit": 329200.0,
        "ordinary_profit": 273200.0,
        "net_profit": 263400.0,
        "eps": 208.88,
        "roe": 10.9,
        "roa": 2.43,
        "operating_margin": 12.29
      },
      {
        "fiscal_year": "2018/03",
        "sales": 2860000.0,
        "operating_profit": 336200.0,
        "ordinary_profit": 313100.0,
        "net_profit": 288100.0,
        "eps": 244.4,
        "roe": 11.67,
        "roa": 2.74,
        "operating_margin": 11.74
      },
      {
        "fiscal_year": "2019/03",
        "sales": 2430000.0,
        "operating_profit": 329400.0,
        "ordinary_profit": 323700.0,
        "net_profit": 311000.0,
        "eps": 252.92,
        "roe": 11.17,
        "roa": 2.66,
        "operating_margin": 13.53
      },
      {
        "fiscal_year": "2020/03",
        "sales": 2280000.0,
        "operating_profit": 269700.0,
        "ordinary_profit": 302700.0,
        "net_profit": 245500.0,
        "eps": 237.38,
        "roe": 10.11,
        "roa": 2.32,
        "operating_margin": 11.81
      },
      {
        "fiscal_year": "2021/03",
        "sales": 2290000.0,
        "operating_profit": 258800.0,
        "ordinary_profit": 192400.0,
        "net_profit": 226300.0,
        "eps": 155.54,
        "roe": 6.35,
        "roa": 1.42,
        "operating_margin": 11.29
      },
      {
        "fiscal_year": "2022/03",
        "sales": 2510000.0,
        "operating_profit": 302100.0,
        "ordinary_profit": 317400.0,
        "net_profit": 449600.0,
        "eps": 263.72,
        "roe": 9.61,
        "roa": 2.22,
        "operating_margin": 12.04
      },
      {
        "fiscal_year": "2023/03",
        "sales": 2660000.0,
        "operating_profit": 335900.0,
        "ordinary_profit": 290300.0,
        "net_profit": 420600.0,
        "eps": 245.98,
        "roe": 8.19,
        "roa": 1.9,
        "operating_margin": 12.61
      },
      {
        "fiscal_year": "2024/03",
        "sales": 2810000.0,
        "operating_profit": 360700.0,
        "ordinary_profit": 346100.0,
        "net_profit": 547300.0,
        "eps": 298.55,
        "roe": 8.78,
        "roa": 2.12,
        "operating_margin": 12.82
      },
      {
        "fiscal_year": "2025/03",
        "ordinary_profit": 390000.0,
        "eps": 340.61,
        "roe": 9.99,
        "roa": 2.39
      }
    ],
    "dividend_data": [
      {
        "fiscal_year": "2010/03",
        "total_dividend": 75.0,
        "dividend_yield": 7.5
      },
      {
        "fiscal_year": "2011/03",
        "total_dividend": 80.0,
        "dividend_yield": 8.0
      },
      {
        "fiscal_year": "2012/03",
        "total_dividend": 90.0,
        "dividend_yield": 9.0
      },
      {
        "fiscal_year": "2013/03",
        "total_dividend": 130.0,
        "dividend_yield": 13.0
      },
      {
        "fiscal_year": "2014/03",
        "total_dividend": 23.0,
        "dividend_yield": 23.0
      }
    ]
  },
  {
    "code": "8593",
    "name": "三菱ＨＣキャピタル",
    "annual_data": [
      {
        "date": "2010/03/31",
        "per": 14.69,
        "pbr": 0.87,
        "is_per_red": false,
        "is_pbr_red": false
      },
      {
        "date": "2011/03/31",
        "per": 11.62,
        "pbr": 0.8,
        "is_per_red": false,
        "is_pbr_red": false
      },
      {
        "date": "2012/03/30",
        "per": 9.41,
        "pbr": 0.81,
        "is_per_red": false,
        "is_pbr_red": false
      },
      {
        "date": "2013/03/29",
        "per": 12.35,
        "pbr": 0.99,
        "is_per_red": false,
        "is_pbr_red": false
      },
      {
        "date": "2014/03/31",
        "per": 11.93,
        "pbr": 0.88,
        "is_per_red": false,
        "is_pbr_red": false
      },
      {
        "date": "2015/03/31",
        "per": 12.0,
        "pbr": 0.89,
        "is_per_red": false,
        "is_pbr_red": false
      },
      {
        "date": "2016/03/31",
        "per": 8.04,
        "pbr": 0.71,
        "is_per_red": false,
        "is_pbr_red": false
      },
      {
        "date": "2017/03/31",
        "per": 9.29,
        "pbr": 0.75,
        "is_per_red": false,
        "is_pbr_red": false
      },
      {
        "date": "2018/03/30",
        "per": 8.72,
        "pbr": 0.79,
        "is_per_red": false,
        "is_pbr_red": false
      },
      {
        "date": "2019/03/29",
        "per": 7.3,
        "pbr": 0.67,
        "is_per_red": false,
        "is_pbr_red": false
      },
      {
        "date": "2020/03/31",
        "per": 6.7,
        "pbr": 0.61,
        "is_per_red": false,
        "is_pbr_red": false
      },
      {
        "date": "2021/03/31",
        "per": 10.76,
        "pbr": 0.74,
        "is_per_red": false,
        "is_pbr_red": false
      },
      {
        "date": "2022/03/31",
        "per": 8.23,
        "pbr": 0.62,
        "is_per_red": false,
        "is_pbr_red": false
      },
      {
        "date": "2023/03/31",
        "per": 8.45,
        "pbr": 0.64,
        "is_per_red": false,
        "is_pbr_red": false
      },
      {
        "date": "2024/03/29",
        "per": 12.4,
        "pbr": 0.91,
        "is_per_red": false,
        "is_pbr_red": false
      }
    ],
    "daily_data": [],
    "financial_data": [
      {
        "fiscal_year": "2008/03",
        "sales": 990000.0,
        "operating_profit": 50700.0,
        "ordinary_profit": 51700.0,
        "net_profit": 30200.0,
        "roa": 10.13,
        "operating_margin": 0.76,
        "cost_ratio": 5.14,
        "sga_ratio": 89.46
      },
      {
        "fiscal_year": "2009/03",
        "sales": 820000.0,
        "operating_profit": 26900.0,
        "ordinary_profit": 26300.0,
        "net_profit": 7150.0,
        "roa": 2.17,
        "operating_margin": 0.18,
        "cost_ratio": 3.28,
        "sga_ratio": 87.21
      },
      {
        "fiscal_year": "2010/03",
        "sales": 750000.0,
        "operating_profit": 25800.0,
        "ordinary_profit": 25800.0,
        "net_profit": 20700.0,
        "roe": 23.14,
        "roa": 5.89,
        "operating_margin": 0.53,
        "cost_ratio": 3.46,
        "sga_ratio": 85.33
      },
      {
        "fiscal_year": "2011/03",
        "sales": 720000.0,
        "operating_profit": 55900.0,
        "ordinary_profit": 56300.0,
        "net_profit": 25800.0,
        "eps": 27800.0,
        "roe": 28.75,
        "roa": 6.89,
        "operating_margin": 0.69,
        "cost_ratio": 7.71,
        "sga_ratio": 83.62
      },
      {
        "fiscal_year": "2012/03",
        "sales": 720000.0,
        "operating_profit": 53200.0,
        "ordinary_profit": 55900.0,
        "net_profit": 34600.0,
        "eps": 38100.0,
        "roe": 38.67,
        "roa": 8.6,
        "operating_margin": 0.94,
        "cost_ratio": 7.34,
        "sga_ratio": 84.12
      },
      {
        "fiscal_year": "2013/03",
        "sales": 700000.0,
        "operating_profit": 60000.0,
        "ordinary_profit": 63000.0,
        "net_profit": 36000.0,
        "eps": 46000.0,
        "roe": 40.23,
        "roa": 8.04,
        "operating_margin": 0.86,
        "cost_ratio": 8.59,
        "sga_ratio": 83.09
      },
      {
        "fiscal_year": "2014/03",
        "sales": 720000.0,
        "operating_profit": 65300.0,
        "ordinary_profit": 69800.0,
        "net_profit": 37700.0,
        "eps": 74300.0,
        "roe": 42.4,
        "roa": 7.36,
        "operating_margin": 0.84,
        "cost_ratio": 9.09,
        "sga_ratio": 82.07
      },
      {
        "fiscal_year": "2015/03",
        "sales": 740000.0,
        "operating_profit": 70200.0,
        "ordinary_profit": 75400.0,
        "net_profit": 44100.0,
        "eps": 84700.0,
        "roe": 49.58,
        "roa": 7.4,
        "operating_margin": 0.88,
        "cost_ratio": 9.46,
        "sga_ratio": 82.05
      },
      {
        "fiscal_year": "2016/03",
        "sales": 830000.0,
        "operating_profit": 88300.0,
        "ordinary_profit": 92700.0,
        "net_profit": 54600.0,
        "eps": 35400.0,
        "roe": 61.45,
        "roa": 8.87,
        "operating_margin": 1.07,
        "cost_ratio": 10.69,
        "sga_ratio": 79.9
      },
      {
        "fiscal_year": "2017/03",
        "sales": 840000.0,
        "operating_profit": 79100.0,
        "ordinary_profit": 84700.0,
        "net_profit": 53200.0,
        "eps": 55600.0,
        "roe": 59.77,
        "roa": 8.09,
        "operating_margin": 0.99,
        "cost_ratio": 9.43,
        "sga_ratio": 82.09
      },
      {
        "fiscal_year": "2018/03",
        "sales": 870000.0,
        "operating_profit": 79300.0,
        "ordinary_profit": 86200.0,
        "net_profit": 63700.0,
        "eps": 65300.0,
        "roe": 71.57,
        "roa": 9.01,
        "operating_margin": 1.15,
        "cost_ratio": 9.11,
        "sga_ratio": 82.05
      },
      {
        "fiscal_year": "2019/03",
        "sales": 860000.0,
        "operating_profit": 80400.0,
        "ordinary_profit": 87600.0,
        "net_profit": 68800.0,
        "eps": 66700.0,
        "roe": 77.28,
        "roa": 9.12,
        "operating_margin": 1.19,
        "cost_ratio": 9.3,
        "sga_ratio": 81.68
      },
      {
        "fiscal_year": "2020/03",
        "sales": 920000.0,
        "operating_profit": 91900.0,
        "ordinary_profit": 94400.0,
        "net_profit": 70800.0,
        "eps": 48300.0,
        "roe": 79.44,
        "roa": 9.1,
        "operating_margin": 1.13,
        "cost_ratio": 9.94,
        "sga_ratio": 80.3
      },
      {
        "fiscal_year": "2021/03",
        "sales": 950000.0,
        "operating_profit": 62300.0,
        "ordinary_profit": 65000.0,
        "net_profit": 55300.0,
        "eps": 53100.0,
        "roe": 62.07,
        "roa": 6.88,
        "operating_margin": 0.92,
        "cost_ratio": 6.58,
        "sga_ratio": 83.07
      },
      {
        "fiscal_year": "2022/03",
        "sales": 1770000.0,
        "operating_profit": 114100.0,
        "ordinary_profit": 117200.0,
        "net_profit": 99400.0,
        "eps": 174600.0,
        "roe": 69.24,
        "roa": 7.59,
        "operating_margin": 0.96,
        "cost_ratio": 6.46,
        "sga_ratio": 81.05
      },
      {
        "fiscal_year": "2023/03",
        "sales": 1900000.0,
        "operating_profit": 138700.0,
        "ordinary_profit": 146100.0,
        "net_profit": 116200.0,
        "eps": 265100.0,
        "roe": 80.95,
        "roa": 7.6,
        "operating_margin": 1.08,
        "cost_ratio": 7.32,
        "sga_ratio": 81.16
      },
      {
        "fiscal_year": "2024/03",
        "sales": 1950000.0,
        "operating_profit": 146200.0,
        "ordinary_profit": 151600.0,
        "net_profit": 123800.0,
        "eps": 220200.0,
        "roe": 86.3,
        "roa": 7.35,
        "operating_margin": 1.11,
        "cost_ratio": 7.49,
        "sga_ratio": 80.51
      },
      {
        "fiscal_year": "2025/03",
        "net_profit": 135000.0,
        "roe": 94.07,
        "roa": 7.83,
        "operating_margin": 1.18
      }
    ],
    "dividend_data": [
      {
        "fiscal_year": "2010/03",
        "total_dividend": 48.0,
        "dividend_yield": 4.8
      },
      {
        "fiscal_year": "2011/03",
        "total_dividend": 50.0,
        "dividend_yield": 5.0
      },
      {
        "fiscal_year": "2012/03",
        "total_dividend": 60.0,
        "dividend_yield": 6.0
      },
      {
        "fiscal_year": "2013/03",
        "total_dividend": 65.0,
        "dividend_yield": 6.5
      }
    ]
  },
  {
    "code": "8596",
    "name": "九州リースサービス",
    "annual_data": [
      {
        "date": "2010/03/23",
        "per": 13.01,
        "pbr": 0.6,
        "is_per_red": false,
        "is_pbr_red": false
      },
      {
        "date": "2011/03/25",
        "per": 9.81,
        "pbr": 0.44,
        "is_per_red": false,
        "is_pbr_red": false
      },
      {
        "date": "2012/03/30",
        "per": 8.73,
        "pbr": 0.39,
        "is_per_red": false,
        "is_pbr_red": false
      },
      {
        "date": "2013/03/27",
        "per": 10.01,
        "pbr": 0.52,
        "is_per_red": false,
        "is_pbr_red": false
      },
      {
        "date": "2014/03/28",
        "per": 5.53,
        "pbr": 0.37,
        "is_per_red": false,
        "is_pbr_red": false
      },
      {
        "date": "2015/03/31",
        "per": 7.11,
        "pbr": 0.48,
        "is_per_red": false,
        "is_pbr_red": false
      },
      {
        "date": "2016/03/31",
        "per": 5.68,
        "pbr": 0.45,
        "is_per_red": false,
        "is_pbr_red": false
      },
      {
        "date": "2017/03/31",
        "per": 8.06,
        "pbr": 0.79,
        "is_per_red": false,
        "is_pbr_red": false
      },
      {
        "date": "2018/03/30",
        "per": 6.14,
        "pbr": 0.68,
        "is_per_red": false,
        "is_pbr_red": false
      },
      {
        "date": "2019/03/29",
        "per": 6.98,
        "pbr": 0.57,
        "is_per_red": false,
        "is_pbr_red": false
      },
      {
        "date": "2020/03/31",
        "per": 4.23,
        "pbr": 0.34,
        "is_per_red": false,
        "is_pbr_red": false
      },
      {
        "date": "2021/03/31",
        "per": 8.48,
        "pbr": 0.49,
        "is_per_red": false,
        "is_pbr_red": false
      },
      {
        "date": "2022/03/31",
        "per": 6.25,
        "pbr": 0.4,
        "is_per_red": false,
        "is_pbr_red": false
      },
      {
        "date": "2023/03/31",
        "per": 3.37,
        "pbr": 0.53,
        "is_per_red": false,
        "is_pbr_red": false
      },
      {
        "date": "2024/03/29",
        "per": 11.21,
        "pbr": 0.85,
        "is_per_red": false,
        "is_pbr_red": false
      }
    ],
    "daily_data": [],
    "financial_data": [
      {
        "fiscal_year": "2008/03",
        "sales": 27900.0,
        "operating_profit": 3479.9999999999995,
        "ordinary_profit": 3320.0000000000005,
        "net_profit": 5950.0,
        "roa": 38.62,
        "operating_margin": 3.72,
        "cost_ratio": 12.45,
        "sga_ratio": 77.39
      },
      {
        "fiscal_year": "2009/03",
        "sales": 30600.0,
        "operating_profit": 2270.0,
        "ordinary_profit": 1989.9999999999998,
        "net_profit": 672.0,
        "roa": 4.44,
        "operating_margin": 0.46,
        "cost_ratio": 7.43,
        "sga_ratio": 81.95
      },
      {
        "fiscal_year": "2010/03",
        "sales": 22900.0,
        "operating_profit": 2190.0,
        "ordinary_profit": 2030.0,
        "net_profit": 728.0,
        "roe": 19.6,
        "roa": 4.61,
        "operating_margin": 0.55,
        "cost_ratio": 9.56,
        "sga_ratio": 75.26
      },
      {
        "fiscal_year": "2011/03",
        "sales": 19600.0,
        "operating_profit": 946.0000000000001,
        "ordinary_profit": 630.0,
        "net_profit": 738.0,
        "eps": 963.0000000000001,
        "roe": 19.87,
        "roa": 4.46,
        "operating_margin": 0.58,
        "cost_ratio": 4.82,
        "sga_ratio": 75.63
      },
      {
        "fiscal_year": "2012/03",
        "sales": 17900.0,
        "operating_profit": 1820.0,
        "ordinary_profit": 1670.0,
        "net_profit": 757.0,
        "eps": 787.0,
        "roe": 20.38,
        "roa": 4.46,
        "operating_margin": 0.62,
        "cost_ratio": 10.16,
        "sga_ratio": 74.22
      },
      {
        "fiscal_year": "2013/03",
        "sales": 18500.0,
        "operating_profit": 1420.0,
        "ordinary_profit": 1350.0,
        "net_profit": 898.0,
        "eps": 1440.0,
        "roe": 24.18,
        "roa": 5.23,
        "operating_margin": 0.73,
        "cost_ratio": 7.67,
        "sga_ratio": 73.72
      },
      {
        "fiscal_year": "2014/03",
        "sales": 18900.0,
        "operating_profit": 2860.0,
        "ordinary_profit": 2630.0,
        "net_profit": 1210.0,
        "eps": 1330.0,
        "roe": 48.99,
        "roa": 6.61,
        "operating_margin": 0.98,
        "cost_ratio": 15.15,
        "sga_ratio": 71.49
      },
      {
        "fiscal_year": "2015/03",
        "sales": 19200.0,
        "operating_profit": 2870.0,
        "ordinary_profit": 2780.0,
        "net_profit": 1390.0,
        "eps": 2180.0,
        "roe": 57.91,
        "roa": 7.16,
        "operating_margin": 1.12,
        "cost_ratio": 14.9,
        "sga_ratio": 72.36
      },
      {
        "fiscal_year": "2016/03",
        "sales": 19400.0,
        "operating_profit": 2910.0,
        "ordinary_profit": 2820.0,
        "net_profit": 1730.0,
        "eps": 2440.0,
        "roe": 76.81,
        "roa": 7.95,
        "operating_margin": 1.35,
        "cost_ratio": 14.98,
        "sga_ratio": 72.95
      },
      {
        "fiscal_year": "2017/03",
        "sales": 21100.0,
        "operating_profit": 2950.0,
        "ordinary_profit": 2990.0,
        "net_profit": 2300.0,
        "eps": 2110.0,
        "roe": 102.42,
        "roa": 9.82,
        "operating_margin": 1.76,
        "cost_ratio": 14.01,
        "sga_ratio": 75.76
      },
      {
        "fiscal_year": "2018/03",
        "sales": 23300.0,
        "operating_profit": 3100.0,
        "ordinary_profit": 3460.0,
        "net_profit": 3000.0,
        "eps": 4060.0,
        "roe": 133.31,
        "roa": 11.02,
        "operating_margin": 2.21,
        "cost_ratio": 13.34,
        "sga_ratio": 77.02
      },
      {
        "fiscal_year": "2019/03",
        "sales": 24500.0,
        "operating_profit": 3420.0000000000005,
        "ordinary_profit": 3529.9999999999995,
        "net_profit": 2280.0,
        "eps": 899.0,
        "roe": 100.94,
        "roa": 8.19,
        "operating_margin": 1.61,
        "cost_ratio": 13.99,
        "sga_ratio": 75.63
      },
      {
        "fiscal_year": "2020/03",
        "sales": 25200.0,
        "operating_profit": 3429.9999999999995,
        "ordinary_profit": 3540.0,
        "net_profit": 2380.0,
        "eps": 2150.0,
        "roe": 105.02,
        "roa": 8.03,
        "operating_margin": 1.64,
        "cost_ratio": 13.61,
        "sga_ratio": 76.7
      },
      {
        "fiscal_year": "2021/03",
        "sales": 28300.0,
        "operating_profit": 3590.0,
        "ordinary_profit": 3740.0,
        "net_profit": 1860.0000000000002,
        "eps": 2660.0,
        "roe": 81.99,
        "roa": 5.83,
        "operating_margin": 1.25,
        "cost_ratio": 12.71,
        "sga_ratio": 78.45
      },
      {
        "fiscal_year": "2022/03",
        "sales": 29600.0,
        "operating_profit": 3250.0,
        "ordinary_profit": 3300.0,
        "net_profit": 2130.0,
        "eps": 1820.0,
        "roe": 93.61,
        "roa": 6.38,
        "operating_margin": 1.26,
        "cost_ratio": 11.0,
        "sga_ratio": 79.81
      },
      {
        "fiscal_year": "2023/03",
        "sales": 36800.0,
        "operating_profit": 5480.0,
        "ordinary_profit": 5420.0,
        "net_profit": 5860.0,
        "eps": 4750.0,
        "roe": 257.89,
        "roa": 15.61,
        "operating_margin": 3.34,
        "cost_ratio": 14.88,
        "sga_ratio": 77.02
      },
      {
        "fiscal_year": "2024/03",
        "sales": 33500.0,
        "operating_profit": 4640.0,
        "ordinary_profit": 4590.0,
        "net_profit": 3050.0,
        "eps": 3200.0,
        "roe": 134.09,
        "roa": 7.66,
        "operating_margin": 1.58,
        "cost_ratio": 13.83,
        "sga_ratio": 76.11
      },
      {
        "fiscal_year": "2025/03",
        "sales": 38500.0,
        "operating_profit": 5300.0,
        "ordinary_profit": 5100.0,
        "net_profit": 3400.0,
        "roe": 150.62,
        "roa": 8.21,
        "operating_margin": 1.73,
        "cost_ratio": 13.77
      }
    ],
    "dividend_data": [
      {
        "fiscal_year": "2010/03",
        "total_dividend": 7.5,
        "dividend_yield": 2.94
      },
      {
        "fiscal_year": "2011/03",
        "total_dividend": 7.5,
        "dividend_yield": 3.85
      },
      {
        "fiscal_year": "2012/03",
        "total_dividend": 7.5,
        "dividend_yield": 4.21
      },
      {
        "fiscal_year": "2013/03",
        "total_dividend": 7.5,
        "dividend_yield": 3.1
      }
    ]
  },
  {
    "code": "8697",
    "name": "日本取引所グループ",
    "annual_data": [
      {
        "date": "2010/03/31",
        "per": 20.96,
        "pbr": 2.73,
        "is_per_red": false,
        "is_pbr_red": false
      },
      {
        "date": "2011/03/31",
        "per": 12.33,
        "pbr": 2.14,
        "is_per_red": false,
        "is_pbr_red": false
      },
      {
        "date": "2012/03/30",
        "per": 22.73,
        "pbr": 2.24,
        "is_per_red": false,
        "is_pbr_red": false
      },
      {
        "date": "2013/03/29",
        "per": 42.8,
        "pbr": 2.57,
        "is_per_red": false,
        "is_pbr_red": false
      },
      {
        "date": "2014/03/31",
        "per": 20.76,
        "pbr": 3.34,
        "is_per_red": false,
        "is_pbr_red": false
      },
      {
        "date": "2015/03/31",
        "per": 27.8,
        "pbr": 4.06,
        "is_per_red": false,
        "is_pbr_red": false
      },
      {
        "date": "2016/03/31",
        "per": 21.09,
        "pbr": 3.68,
        "is_per_red": false,
        "is_pbr_red": false
      },
      {
        "date": "2017/03/31",
        "per": 20.58,
        "pbr": 3.32,
        "is_per_red": false,
        "is_pbr_red": false
      },
      {
        "date": "2018/03/30",
        "per": 20.92,
        "pbr": 3.86,
        "is_per_red": false,
        "is_pbr_red": false
      },
      {
        "date": "2019/03/29",
        "per": 21.54,
        "pbr": 3.71,
        "is_per_red": false,
        "is_pbr_red": false
      },
      {
        "date": "2020/03/31",
        "per": 21.44,
        "pbr": 3.42,
        "is_per_red": false,
        "is_pbr_red": false
      },
      {
        "date": "2021/03/31",
        "per": 27.03,
        "pbr": 4.32,
        "is_per_red": false,
        "is_pbr_red": false
      },
      {
        "date": "2022/03/31",
        "per": 24.23,
        "pbr": 3.82,
        "is_per_red": false,
        "is_pbr_red": false
      },
      {
        "date": "2023/03/31",
        "per": 22.94,
        "pbr": 3.37,
        "is_per_red": false,
        "is_pbr_red": false
      },
      {
        "date": "2024/03/29",
        "per": 35.16,
        "pbr": 6.51,
        "is_per_red": false,
        "is_pbr_red": false
      }
    ],
    "daily_data": [],
    "financial_data": [],
    "dividend_data": [
      {
        "fiscal_year": "2010/03",
        "total_dividend": 9000.0,
        "dividend_yield": 4.5
      },
      {
        "fiscal_year": "2011/03",
        "total_dividend": 10500.0,
        "dividend_yield": 5.25
      },
      {
        "fiscal_year": "2012/03",
        "total_dividend": 12000.0,
        "dividend_yield": 6.0
      },
      {
        "fiscal_year": "2013/03",
        "total_dividend": 80.0,
        "dividend_yield": 4.0
      }
    ]
  },
  {
    "code": "8771",
    "name": "イー・ギャランティ",
    "annual_data": [
      {
        "date": "2010/03/31",
        "per": 13.88,
        "pbr": 2.19,
        "is_per_red": false,
        "is_pbr_red": false
      },
      {
        "date": "2011/03/31",
        "per": 9.12,
        "pbr": 1.54,
        "is_per_red": false,
        "is_pbr_red": false
      },
      {
        "date": "2012/03/30",
        "per": 8.19,
        "pbr": 1.05,
        "is_per_red": false,
        "is_pbr_red": false
      },
      {
        "date": "2013/03/29",
        "per": 35.0,
        "pbr": 5.22,
        "is_per_red": false,
        "is_pbr_red": false
      },
      {
        "date": "2014/03/31",
        "per": 32.79,
        "pbr": 5.22,
        "is_per_red": false,
        "is_pbr_red": false
      },
      {
        "date": "2015/03/31",
        "per": 21.59,
        "pbr": 3.79,
        "is_per_red": false,
        "is_pbr_red": false
      },
      {
        "date": "2016/03/31",
        "per": 23.09,
        "pbr": 4.27,
        "is_per_red": false,
        "is_pbr_red": false
      },
      {
        "date": "2017/03/31",
        "per": 18.96,
        "pbr": 3.63,
        "is_per_red": false,
        "is_pbr_red": false
      },
      {
        "date": "2018/03/30",
        "per": 31.05,
        "pbr": 5.48,
        "is_per_red": false,
        "is_pbr_red": false
      },
      {
        "date": "2019/03/29",
        "per": 28.25,
        "pbr": 4.79,
        "is_per_red": false,
        "is_pbr_red": false
      },
      {
        "date": "2020/03/31",
        "per": 29.2,
        "pbr": 5.81,
        "is_per_red": false,
        "is_pbr_red": false
      },
      {
        "date": "2021/03/31",
        "per": 46.25,
        "pbr": 6.01,
        "is_per_red": false,
        "is_pbr_red": false
      },
      {
        "date": "2022/03/31",
        "per": 38.76,
        "pbr": 5.29,
        "is_per_red": false,
        "is_pbr_red": false
      },
      {
        "date": "2023/03/31",
        "per": 35.84,
        "pbr": 5.07,
        "is_per_red": false,
        "is_pbr_red": false
      },
      {
        "date": "2024/03/29",
        "per": 26.13,
        "pbr": 3.85,
        "is_per_red": false,
        "is_pbr_red": false
      }
    ],
    "daily_data": [],
    "financial_data": [
      {
        "fiscal_year": "2008/03",
        "sales": 1930.0,
        "operating_profit": 321.0,
        "ordinary_profit": 331.0,
        "net_profit": 185.0,
        "roa": 11.66,
        "operating_margin": 5.98,
        "cost_ratio": 16.61,
        "sga_ratio": 46.64
      },
      {
        "fiscal_year": "2009/03",
        "sales": 2700.0,
        "operating_profit": 471.0,
        "ordinary_profit": 483.0,
        "net_profit": 272.0,
        "roa": 14.63,
        "operating_margin": 6.26,
        "cost_ratio": 17.42,
        "sga_ratio": 48.6
      },
      {
        "fiscal_year": "2010/03",
        "sales": 3160.0,
        "operating_profit": 604.0,
        "ordinary_profit": 619.0,
        "net_profit": 342.0,
        "roe": 10.59,
        "roa": 15.76,
        "operating_margin": 7.06,
        "cost_ratio": 19.13,
        "sga_ratio": 50.99
      },
      {
        "fiscal_year": "2011/03",
        "sales": 3290.0,
        "operating_profit": 732.0,
        "ordinary_profit": 744.0,
        "net_profit": 429.0,
        "eps": 438.99999999999994,
        "roe": 13.27,
        "roa": 16.88,
        "operating_margin": 7.71,
        "cost_ratio": 22.24,
        "sga_ratio": 44.02
      },
      {
        "fiscal_year": "2012/03",
        "sales": 3420.0000000000005,
        "operating_profit": 843.0,
        "ordinary_profit": 853.9999999999999,
        "net_profit": 469.00000000000006,
        "eps": 527.0,
        "roe": 11.6,
        "roa": 12.78,
        "operating_margin": 7.07,
        "cost_ratio": 24.67,
        "sga_ratio": 38.69
      },
      {
        "fiscal_year": "2013/03",
        "sales": 3620.0000000000005,
        "operating_profit": 1030.0,
        "ordinary_profit": 1050.0,
        "net_profit": 579.0,
        "eps": 624.0,
        "roe": 14.23,
        "roa": 14.93,
        "operating_margin": 7.21,
        "cost_ratio": 28.51,
        "sga_ratio": 35.88
      },
      {
        "fiscal_year": "2014/03",
        "sales": 3740.0,
        "operating_profit": 1300.0,
        "ordinary_profit": 1320.0,
        "net_profit": 706.0,
        "eps": 859.0,
        "roe": 17.29,
        "roa": 15.86,
        "operating_margin": 8.32,
        "cost_ratio": 34.79,
        "sga_ratio": 27.49
      },
      {
        "fiscal_year": "2015/03",
        "sales": 4060.0,
        "operating_profit": 1540.0,
        "ordinary_profit": 1560.0,
        "net_profit": 905.0000000000001,
        "eps": 1040.0,
        "roe": 22.05,
        "roa": 17.52,
        "operating_margin": 9.42,
        "cost_ratio": 37.84,
        "sga_ratio": 23.53
      },
      {
        "fiscal_year": "2016/03",
        "sales": 4420.0,
        "operating_profit": 1830.0,
        "ordinary_profit": 1860.0000000000002,
        "net_profit": 1110.0,
        "eps": 1250.0,
        "roe": 26.94,
        "roa": 18.43,
        "operating_margin": 10.44,
        "cost_ratio": 41.36,
        "sga_ratio": 23.15
      },
      {
        "fiscal_year": "2017/03",
        "sales": 4580.0,
        "operating_profit": 2120.0,
        "ordinary_profit": 2150.0,
        "net_profit": 1340.0,
        "eps": 1520.0,
        "roe": 32.27,
        "roa": 18.83,
        "operating_margin": 11.38,
        "cost_ratio": 46.31,
        "sga_ratio": 17.35
      },
      {
        "fiscal_year": "2018/03",
        "sales": 5110.0,
        "operating_profit": 2280.0,
        "ordinary_profit": 2300.0,
        "net_profit": 1470.0,
        "eps": 1590.0,
        "roe": 34.88,
        "roa": 17.63,
        "operating_margin": 10.22,
        "cost_ratio": 44.59,
        "sga_ratio": 20.69
      },
      {
        "fiscal_year": "2019/03",
        "sales": 5570.0,
        "operating_profit": 2510.0,
        "ordinary_profit": 2550.0,
        "net_profit": 1650.0,
        "eps": 1760.0000000000002,
        "roe": 39.11,
        "roa": 16.84,
        "operating_margin": 10.06,
        "cost_ratio": 45.08,
        "sga_ratio": 19.71
      },
      {
        "fiscal_year": "2020/03",
        "sales": 5960.0,
        "operating_profit": 2720.0,
        "ordinary_profit": 2750.0,
        "net_profit": 2300.0,
        "eps": 2430.0,
        "roe": 54.14,
        "roa": 19.91,
        "operating_margin": 13.99,
        "cost_ratio": 45.64,
        "sga_ratio": 20.29
      },
      {
        "fiscal_year": "2021/03",
        "sales": 7190.000000000001,
        "operating_profit": 3090.0,
        "ordinary_profit": 3110.0,
        "net_profit": 2000.0,
        "eps": 2160.0,
        "roe": 45.12,
        "roa": 12.62,
        "operating_margin": 8.88,
        "cost_ratio": 42.93,
        "sga_ratio": 25.24
      },
      {
        "fiscal_year": "2022/03",
        "sales": 7890.000000000001,
        "operating_profit": 3729.9999999999995,
        "ordinary_profit": 3760.0,
        "net_profit": 2460.0,
        "eps": 2610.0,
        "roe": 52.92,
        "roa": 13.57,
        "operating_margin": 9.75,
        "cost_ratio": 47.28,
        "sga_ratio": 21.16
      },
      {
        "fiscal_year": "2023/03",
        "sales": 8490.0,
        "operating_profit": 4150.0,
        "ordinary_profit": 4230.0,
        "net_profit": 2860.0,
        "eps": 2920.0,
        "roe": 60.68,
        "roa": 14.08,
        "operating_margin": 10.23,
        "cost_ratio": 48.86,
        "sga_ratio": 20.07
      },
      {
        "fiscal_year": "2024/03",
        "sales": 9170.0,
        "operating_profit": 4850.0,
        "ordinary_profit": 4900.0,
        "net_profit": 3260.0,
        "eps": 3400.0,
        "roe": 68.6,
        "roa": 14.71,
        "operating_margin": 10.84,
        "cost_ratio": 52.92,
        "sga_ratio": 19.61
      },
      {
        "fiscal_year": "2025/03",
        "sales": 10100.0,
        "operating_profit": 5100.0,
        "ordinary_profit": 5200.0,
        "net_profit": 3450.0,
        "roe": 72.25,
        "roa": 15.51,
        "operating_margin": 11.48,
        "cost_ratio": 50.5
      }
    ],
    "dividend_data": [
      {
        "fiscal_year": "2010/03",
        "total_dividend": 1.88,
        "dividend_yield": 1.28
      },
      {
        "fiscal_year": "2011/03",
        "total_dividend": 2.5,
        "dividend_yield": 2.07
      },
      {
        "fiscal_year": "2012/03",
        "total_dividend": 3.13,
        "dividend_yield": 3.29
      },
      {
        "fiscal_year": "2013/03",
        "total_dividend": 4.38,
        "dividend_yield": 0.88
      }
    ]
  },
  {
    "code": "8772",
    "name": "アサックス",
    "annual_data": [
      {
        "date": "2010/03/31",
        "per": 5.12,
        "pbr": 0.51,
        "is_per_red": false,
        "is_pbr_red": false
      },
      {
        "date": "2011/03/31",
        "per": 7.2,
        "pbr": 0.68,
        "is_per_red": false,
        "is_pbr_red": false
      },
      {
        "date": "2012/03/30",
        "per": 6.38,
        "pbr": 0.52,
        "is_per_red": false,
        "is_pbr_red": false
      },
      {
        "date": "2013/03/29",
        "per": 10.32,
        "pbr": 0.81,
        "is_per_red": false,
        "is_pbr_red": false
      },
      {
        "date": "2014/03/31",
        "per": 6.66,
        "pbr": 0.55,
        "is_per_red": false,
        "is_pbr_red": false
      },
      {
        "date": "2015/03/31",
        "per": 8.72,
        "pbr": 0.7,
        "is_per_red": false,
        "is_pbr_red": false
      },
      {
        "date": "2016/03/31",
        "per": 5.8,
        "pbr": 0.52,
        "is_per_red": false,
        "is_pbr_red": false
      },
      {
        "date": "2017/03/31",
        "per": 6.38,
        "pbr": 0.57,
        "is_per_red": false,
        "is_pbr_red": false
      },
      {
        "date": "2018/03/30",
        "per": 7.27,
        "pbr": 0.61,
        "is_per_red": false,
        "is_pbr_red": false
      },
      {
        "date": "2019/03/29",
        "per": 6.2,
        "pbr": 0.49,
        "is_per_red": false,
        "is_pbr_red": false
      },
      {
        "date": "2020/03/31",
        "per": 7.36,
        "pbr": 0.52,
        "is_per_red": false,
        "is_pbr_red": false
      },
      {
        "date": "2021/03/31",
        "per": 8.8,
        "pbr": 0.6,
        "is_per_red": false,
        "is_pbr_red": false
      },
      {
        "date": "2022/03/31",
        "per": 8.42,
        "pbr": 0.52,
        "is_per_red": false,
        "is_pbr_red": false
      },
      {
        "date": "2023/03/31",
        "per": 7.07,
        "pbr": 0.45,
        "is_per_red": false,
        "is_pbr_red": false
      },
      {
        "date": "2024/03/29",
        "per": 7.91,
        "pbr": 0.56,
        "is_per_red": false,
        "is_pbr_red": false
      }
    ],
    "daily_data": [],
    "financial_data": [],
    "dividend_data": [
      {
        "fiscal_year": "2010/03",
        "total_dividend": 3000.0,
        "dividend_yield": 10.0
      },
      {
        "fiscal_year": "2011/03",
        "total_dividend": 3000.0,
        "dividend_yield": 10.0
      },
      {
        "fiscal_year": "2012/03",
        "total_dividend": 3000.0,
        "dividend_yield": 10.0
      },
      {
        "fiscal_year": "2013/03",
        "total_dividend": 3000.0,
        "dividend_yield": 10.0
      }
    ]
  },
  {
    "code": "8783",
    "name": "ＧＦＡ",
    "annual_data": [
      {
        "date": "2010/03/31",
        "per": -1,
        "pbr": 0.58,
        "is_per_red": true,
        "is_pbr_red": false
      },
      {
        "date": "2011/03/31",
        "per": -1,
        "pbr": 0.45,
        "is_per_red": true,
        "is_pbr_red": false
      },
      {
        "date": "2012/03/27",
        "per": -1,
        "pbr": 0.56,
        "is_per_red": true,
        "is_pbr_red": false
      },
      {
        "date": "2013/03/29",
        "per": -1,
        "pbr": 1.33,
        "is_per_red": true,
        "is_pbr_red": false
      },
      {
        "date": "2014/03/31",
        "per": 402.1,
        "pbr": 1.15,
        "is_per_red": false,
        "is_pbr_red": false
      },
      {
        "date": "2015/03/31",
        "per": -1,
        "pbr": 2.98,
        "is_per_red": true,
        "is_pbr_red": false
      },
      {
        "date": "2016/03/31",
        "per": 239.53,
        "pbr": 2.9,
        "is_per_red": false,
        "is_pbr_red": false
      },
      {
        "date": "2017/03/31",
        "per": -1,
        "pbr": 4.29,
        "is_per_red": true,
        "is_pbr_red": false
      },
      {
        "date": "2018/03/30",
        "per": 67.46,
        "pbr": 4.14,
        "is_per_red": false,
        "is_pbr_red": false
      },
      {
        "date": "2019/03/29",
        "per": -1,
        "pbr": 1.99,
        "is_per_red": true,
        "is_pbr_red": false
      },
      {
        "date": "2020/03/31",
        "per": -1,
        "pbr": 0.68,
        "is_per_red": true,
        "is_pbr_red": false
      },
      {
        "date": "2021/03/31",
        "per": -1,
        "pbr": 49.49,
        "is_per_red": true,
        "is_pbr_red": false
      },
      {
        "date": "2022/03/31",
        "per": -1,
        "pbr": 7.56,
        "is_per_red": true,
        "is_pbr_red": false
      },
      {
        "date": "2023/03/31",
        "per": -1,
        "pbr": 4.64,
        "is_per_red": true,
        "is_pbr_red": false
      },
      {
        "date": "2024/03/29",
        "per": -1,
        "pbr": 67.83,
        "is_per_red": true,
        "is_pbr_red": false
      }
    ],
    "daily_data": [],
    "financial_data": [
      {
        "fiscal_year": "2008/03",
        "sales": 270.0,
        "operating_profit": 81.0,
        "ordinary_profit": 83.0,
        "net_profit": 49.0,
        "roa": 4.06,
        "operating_margin": 4.03,
        "cost_ratio": 29.84
      },
      {
        "fiscal_year": "2009/03",
        "sales": 108.0,
        "operating_profit": -78.0,
        "ordinary_profit": -76.0,
        "net_profit": -257.0,
        "roa": -1,
        "operating_margin": -1,
        "cost_ratio": -71.87
      },
      {
        "fiscal_year": "2010/03",
        "sales": 143.0,
        "operating_profit": -211.0,
        "ordinary_profit": -220.00000000000003,
        "net_profit": -176.0,
        "roe": -36.46,
        "roa": -1,
        "operating_margin": -1,
        "cost_ratio": -147.71
      },
      {
        "fiscal_year": "2011/03",
        "sales": 65.0,
        "operating_profit": -104.0,
        "ordinary_profit": -119.0,
        "net_profit": -120.0,
        "roe": -24.95,
        "roa": -1,
        "operating_margin": -1,
        "cost_ratio": -160.68
      },
      {
        "fiscal_year": "2012/03",
        "sales": 103.0,
        "operating_profit": -80.0,
        "ordinary_profit": -79.0,
        "net_profit": -89.0,
        "roe": -18.58,
        "roa": -1,
        "operating_margin": -1,
        "cost_ratio": -77.24
      },
      {
        "fiscal_year": "2013/03",
        "sales": 51.0,
        "operating_profit": -85.0,
        "ordinary_profit": -85.0,
        "net_profit": -86.0,
        "roe": -14.4,
        "roa": -1,
        "operating_margin": -1,
        "cost_ratio": -166.38
      },
      {
        "fiscal_year": "2014/03",
        "sales": 131.0,
        "operating_profit": 21.0,
        "ordinary_profit": 6.0,
        "net_profit": 2.0,
        "roe": 0.29,
        "roa": 0.23,
        "operating_margin": 0.22,
        "cost_ratio": 15.83
      },
      {
        "fiscal_year": "2015/03",
        "sales": 108.0,
        "operating_profit": -48.0,
        "ordinary_profit": -49.0,
        "net_profit": -49.0,
        "roe": -6.3,
        "roa": -1,
        "operating_margin": -1,
        "cost_ratio": -44.6
      },
      {
        "fiscal_year": "2016/03",
        "sales": 407.0,
        "operating_profit": 12.0,
        "ordinary_profit": 11.0,
        "net_profit": 9.0,
        "roe": 1.15,
        "roa": 1.21,
        "operating_margin": 1.0,
        "cost_ratio": 3.03
      },
      {
        "fiscal_year": "2017/03",
        "sales": 766.0,
        "operating_profit": -23.0,
        "ordinary_profit": -28.000000000000004,
        "net_profit": -50.0,
        "roe": -6.38,
        "roa": -1,
        "operating_margin": -1,
        "cost_ratio": -3.01
      },
      {
        "fiscal_year": "2018/03",
        "sales": 1590.0,
        "operating_profit": 118.0,
        "ordinary_profit": 87.0,
        "net_profit": 82.0,
        "eps": 82.0,
        "roe": 9.98,
        "roa": 5.67,
        "operating_margin": 2.95,
        "cost_ratio": 7.38,
        "sga_ratio": 81.03
      },
      {
        "fiscal_year": "2019/03",
        "sales": 1080.0,
        "operating_profit": -172.0,
        "ordinary_profit": -281.0,
        "net_profit": -277.0,
        "eps": -275.0,
        "roe": -29.54,
        "roa": -1,
        "operating_margin": -1,
        "cost_ratio": -15.92,
        "sga_ratio": 81.65
      },
      {
        "fiscal_year": "2020/03",
        "sales": 2390.0,
        "operating_profit": -299.0,
        "ordinary_profit": -376.0,
        "net_profit": -488.0,
        "eps": -488.99999999999994,
        "roe": -47.21,
        "roa": -1,
        "operating_margin": -1,
        "cost_ratio": -12.49,
        "sga_ratio": 92.31
      },
      {
        "fiscal_year": "2021/03",
        "sales": 2650.0,
        "operating_profit": -1460.0,
        "ordinary_profit": -1350.0,
        "net_profit": -1689.9999999999998,
        "eps": -1689.9999999999998,
        "roe": -127.93,
        "roa": -1,
        "operating_margin": -1,
        "cost_ratio": -55.21,
        "sga_ratio": 98.71
      },
      {
        "fiscal_year": "2022/03",
        "sales": 1200.0,
        "operating_profit": -699.0,
        "ordinary_profit": -721.0,
        "net_profit": -1160.0,
        "eps": -1160.0,
        "roe": -58.66,
        "roa": -1,
        "operating_margin": -1,
        "cost_ratio": -58.42,
        "sga_ratio": 48.83
      },
      {
        "fiscal_year": "2023/03",
        "sales": 2350.0,
        "operating_profit": -1930.0,
        "ordinary_profit": -2070.0,
        "net_profit": -2250.0,
        "eps": -2260.0,
        "roe": -63.37,
        "roa": -1,
        "operating_margin": -1,
        "cost_ratio": -81.91,
        "sga_ratio": 59.3
      },
      {
        "fiscal_year": "2024/03",
        "sales": 4170.0,
        "operating_profit": -2150.0,
        "ordinary_profit": -2400.0,
        "net_profit": -2460.0,
        "eps": -2460.0,
        "roe": -42.64,
        "roa": -1,
        "operating_margin": -1,
        "cost_ratio": -51.42,
        "sga_ratio": 53.7
      },
      {
        "fiscal_year": "2025/03",
        "sales": 5130.0,
        "operating_profit": 295.0,
        "ordinary_profit": 125.0,
        "net_profit": 56.99999999999999,
        "roe": 4.61,
        "roa": 9.16,
        "operating_margin": 1.61,
        "cost_ratio": 5.75
      }
    ],
    "dividend_data": [
      {
        "fiscal_year": "2010/03",
        "total_dividend": 1.67,
        "dividend_yield": 1.92
      },
      {
        "fiscal_year": "2013/03",
        "total_dividend": 0.0,
        "dividend_yield": 0.0
      }
    ]
  },
  {
    "code": "8789",
    "name": "フィンテック　グローバル",
    "annual_data": [
      {
        "date": "2010/09/30",
        "per": -1,
        "pbr": 1.23,
        "is_per_red": true,
        "is_pbr_red": false
      },
      {
        "date": "2011/09/30",
        "per": 2.58,
        "pbr": 0.97,
        "is_per_red": false,
        "is_pbr_red": false
      },
      {
        "date": "2012/09/28",
        "per": -1,
        "pbr": 1.23,
        "is_per_red": true,
        "is_pbr_red": false
      },
      {
        "date": "2013/09/30",
        "per": 21.71,
        "pbr": 1.48,
        "is_per_red": false,
        "is_pbr_red": false
      },
      {
        "date": "2014/09/30",
        "per": 9.24,
        "pbr": 1.71,
        "is_per_red": false,
        "is_pbr_red": false
      },
      {
        "date": "2015/09/30",
        "per": 84.46,
        "pbr": 2.59,
        "is_per_red": false,
        "is_pbr_red": false
      },
      {
        "date": "2016/09/30",
        "per": -1,
        "pbr": 3.1,
        "is_per_red": true,
        "is_pbr_red": false
      },
      {
        "date": "2017/09/29",
        "per": -1,
        "pbr": 3.78,
        "is_per_red": true,
        "is_pbr_red": false
      },
      {
        "date": "2018/09/28",
        "per": -1,
        "pbr": 4.96,
        "is_per_red": true,
        "is_pbr_red": false
      },
      {
        "date": "2019/09/30",
        "per": -1,
        "pbr": 2.73,
        "is_per_red": true,
        "is_pbr_red": false
      },
      {
        "date": "2020/09/30",
        "per": -1,
        "pbr": 1.45,
        "is_per_red": true,
        "is_pbr_red": false
      },
      {
        "date": "2021/09/30",
        "per": 86.15,
        "pbr": 1.78,
        "is_per_red": false,
        "is_pbr_red": false
      },
      {
        "date": "2022/09/30",
        "per": 44.32,
        "pbr": 1.19,
        "is_per_red": false,
        "is_pbr_red": false
      },
      {
        "date": "2023/09/29",
        "per": 7.65,
        "pbr": 1.48,
        "is_per_red": false,
        "is_pbr_red": false
      },
      {
        "date": "2024/09/30",
        "per": 8.68,
        "pbr": 1.5,
        "is_per_red": false,
        "is_pbr_red": false
      }
    ],
    "daily_data": [],
    "financial_data": [
      {
        "fiscal_year": "2008/09",
        "sales": 14200.0,
        "operating_profit": -8240.0,
        "ordinary_profit": -9110.0,
        "net_profit": -7159.999999999999,
        "roa": -1,
        "operating_margin": -1,
        "cost_ratio": -58.17,
        "sga_ratio": 41.3
      },
      {
        "fiscal_year": "2009/09",
        "sales": 10400.0,
        "operating_profit": -20300.0,
        "ordinary_profit": -21200.0,
        "net_profit": -12100.0,
        "roa": -1,
        "operating_margin": -1,
        "cost_ratio": -195.67,
        "sga_ratio": 170.54
      },
      {
        "fiscal_year": "2010/09",
        "sales": 3470.0000000000005,
        "operating_profit": -2510.0,
        "ordinary_profit": -2600.0,
        "net_profit": -2170.0,
        "roe": -17.99,
        "roa": -1,
        "operating_margin": -1,
        "cost_ratio": -72.34,
        "sga_ratio": 73.01
      },
      {
        "fiscal_year": "2011/09",
        "sales": 6990.000000000001,
        "operating_profit": 1280.0,
        "ordinary_profit": 1220.0,
        "net_profit": 1400.0,
        "eps": 1240.0,
        "roe": 11.61,
        "roa": 37.37,
        "operating_margin": 18.28,
        "cost_ratio": 18.27,
        "sga_ratio": 49.79
      },
      {
        "fiscal_year": "2012/09",
        "sales": 2039.9999999999998,
        "operating_profit": -975.0,
        "ordinary_profit": -916.0,
        "net_profit": -1270.0,
        "eps": -1150.0,
        "roe": -10.54,
        "roa": -1,
        "operating_margin": -1,
        "cost_ratio": -47.83,
        "sga_ratio": 55.4
      },
      {
        "fiscal_year": "2013/09",
        "sales": 1600.0,
        "operating_profit": -32.0,
        "ordinary_profit": 88.0,
        "net_profit": 183.0,
        "eps": 179.0,
        "roe": 1.52,
        "roa": 6.8,
        "operating_margin": 3.83,
        "cost_ratio": -1.98,
        "sga_ratio": 8.43
      },
      {
        "fiscal_year": "2014/09",
        "sales": 3910.0,
        "operating_profit": 556.0,
        "ordinary_profit": 685.0,
        "net_profit": 924.0,
        "eps": 932.0,
        "roe": 6.93,
        "roa": 16.77,
        "operating_margin": 12.4,
        "cost_ratio": 14.2,
        "sga_ratio": 38.69
      },
      {
        "fiscal_year": "2015/09",
        "sales": 5430.0,
        "operating_profit": 114.99999999999999,
        "ordinary_profit": 237.0,
        "net_profit": 224.00000000000003,
        "eps": 82.0,
        "roe": 1.48,
        "roa": 2.87,
        "operating_margin": 1.88,
        "cost_ratio": 2.12,
        "sga_ratio": 54.04
      },
      {
        "fiscal_year": "2016/09",
        "sales": 7490.000000000001,
        "operating_profit": -1030.0,
        "ordinary_profit": -1370.0,
        "net_profit": -1380.0,
        "eps": -1480.0,
        "roe": -8.55,
        "roa": -1,
        "operating_margin": -1,
        "cost_ratio": -13.78,
        "sga_ratio": 80.01
      },
      {
        "fiscal_year": "2017/09",
        "sales": 7180.0,
        "operating_profit": -1320.0,
        "ordinary_profit": -1340.0,
        "net_profit": -1360.0,
        "eps": -1190.0,
        "roe": -8.39,
        "roa": -1,
        "operating_margin": -1,
        "cost_ratio": -18.37,
        "sga_ratio": 77.36
      },
      {
        "fiscal_year": "2018/09",
        "sales": 3690.0,
        "operating_profit": -1070.0,
        "ordinary_profit": -1230.0,
        "net_profit": -819.9999999999999,
        "eps": -1000.0,
        "roe": -4.79,
        "roa": -1,
        "operating_margin": -1,
        "cost_ratio": -29.06,
        "sga_ratio": 38.71
      },
      {
        "fiscal_year": "2019/09",
        "sales": 9180.0,
        "operating_profit": -1660.0000000000002,
        "ordinary_profit": -1850.0,
        "net_profit": -1590.0,
        "eps": -1770.0,
        "roe": -8.08,
        "roa": -1,
        "operating_margin": -1,
        "cost_ratio": -18.14,
        "sga_ratio": 67.91
      },
      {
        "fiscal_year": "2020/09",
        "sales": 6840.000000000001,
        "operating_profit": -993.0,
        "ordinary_profit": -1140.0,
        "net_profit": -1190.0,
        "eps": -1520.0,
        "roe": -5.9,
        "roa": -1,
        "operating_margin": -1,
        "cost_ratio": -14.51,
        "sga_ratio": 66.19
      },
      {
        "fiscal_year": "2021/09",
        "sales": 8109.999999999999,
        "operating_profit": 178.0,
        "ordinary_profit": 115.99999999999999,
        "net_profit": 131.0,
        "eps": 76.0,
        "roe": 0.65,
        "roa": 2.07,
        "operating_margin": 0.79,
        "cost_ratio": 2.2,
        "sga_ratio": 58.42
      },
      {
        "fiscal_year": "2022/09",
        "sales": 9300.0,
        "operating_profit": 588.0,
        "ordinary_profit": 541.0,
        "net_profit": 176.0,
        "eps": 515.0,
        "roe": 0.88,
        "roa": 2.67,
        "operating_margin": 0.98,
        "cost_ratio": 6.32,
        "sga_ratio": 57.1
      },
      {
        "fiscal_year": "2023/09",
        "sales": 9300.0,
        "operating_profit": 1340.0,
        "ordinary_profit": 1280.0,
        "net_profit": 1600.0,
        "eps": 1780.0,
        "roe": 7.97,
        "roa": 19.34,
        "operating_margin": 8.38,
        "cost_ratio": 14.45,
        "sga_ratio": 45.06
      },
      {
        "fiscal_year": "2024/09",
        "sales": 13800.0,
        "operating_profit": 2570.0,
        "ordinary_profit": 2460.0,
        "net_profit": 1680.0,
        "eps": 1939.9999999999998,
        "roe": 8.41,
        "roa": 17.58,
        "operating_margin": 8.11,
        "cost_ratio": 18.61,
        "sga_ratio": 46.73
      },
      {
        "fiscal_year": "2025/09",
        "sales": 12300.0,
        "operating_profit": 3100.0,
        "ordinary_profit": 3000.0,
        "net_profit": 2000.0,
        "roe": 10.21,
        "roa": 20.98,
        "operating_margin": 9.68,
        "cost_ratio": 25.2
      }
    ],
    "dividend_data": [
      {
        "fiscal_year": "2011/03",
        "total_dividend": 1.0,
        "dividend_yield": 3.33
      },
      {
        "fiscal_year": "2012/03",
        "total_dividend": 1.0,
        "dividend_yield": 4.12
      }
    ]
  },
  {
    "code": "8793",
    "name": "ＮＥＣキャピタルソリューション",
    "annual_data": [
      {
        "date": "2010/03/31",
        "per": 8.32,
        "pbr": 0.43,
        "is_per_red": false,
        "is_pbr_red": false
      },
      {
        "date": "2011/03/31",
        "per": 7.9,
        "pbr": 0.48,
        "is_per_red": false,
        "is_pbr_red": false
      },
      {
        "date": "2012/03/30",
        "per": 7.67,
        "pbr": 0.46,
        "is_per_red": false,
        "is_pbr_red": false
      },
      {
        "date": "2013/03/29",
        "per": 11.77,
        "pbr": 0.75,
        "is_per_red": false,
        "is_pbr_red": false
      },
      {
        "date": "2014/03/31",
        "per": 9.25,
        "pbr": 0.65,
        "is_per_red": false,
        "is_pbr_red": false
      },
      {
        "date": "2015/03/31",
        "per": 14.59,
        "pbr": 0.55,
        "is_per_red": false,
        "is_pbr_red": false
      },
      {
        "date": "2016/03/31",
        "per": 10.22,
        "pbr": 0.45,
        "is_per_red": false,
        "is_pbr_red": false
      },
      {
        "date": "2017/03/31",
        "per": 10.46,
        "pbr": 0.46,
        "is_per_red": false,
        "is_pbr_red": false
      },
      {
        "date": "2018/03/30",
        "per": 7.35,
        "pbr": 0.52,
        "is_per_red": false,
        "is_pbr_red": false
      },
      {
        "date": "2019/03/29",
        "per": 5.73,
        "pbr": 0.41,
        "is_per_red": false,
        "is_pbr_red": false
      },
      {
        "date": "2020/03/31",
        "per": 7.74,
        "pbr": 0.43,
        "is_per_red": false,
        "is_pbr_red": false
      },
      {
        "date": "2021/03/31",
        "per": 10.59,
        "pbr": 0.46,
        "is_per_red": false,
        "is_pbr_red": false
      },
      {
        "date": "2022/03/31",
        "per": 6.44,
        "pbr": 0.43,
        "is_per_red": false,
        "is_pbr_red": false
      },
      {
        "date": "2023/03/31",
        "per": 8.47,
        "pbr": 0.5,
        "is_per_red": false,
        "is_pbr_red": false
      },
      {
        "date": "2024/03/29",
        "per": 11.74,
        "pbr": 0.71,
        "is_per_red": false,
        "is_pbr_red": false
      }
    ],
    "daily_data": [],
    "financial_data": [
      {
        "fiscal_year": "2008/03",
        "sales": 264100.0,
        "operating_profit": 5980.0,
        "ordinary_profit": 5910.0,
        "net_profit": 3950.0,
        "roa": 6.36,
        "operating_margin": 0.51,
        "cost_ratio": 2.27,
        "sga_ratio": 93.69
      },
      {
        "fiscal_year": "2009/03",
        "sales": 261000.0,
        "operating_profit": 3620.0000000000005,
        "ordinary_profit": 3360.0,
        "net_profit": -3810.0,
        "roa": -1,
        "operating_margin": -1,
        "cost_ratio": 1.39,
        "sga_ratio": 92.23
      },
      {
        "fiscal_year": "2010/03",
        "sales": 237400.0,
        "operating_profit": 7680.0,
        "ordinary_profit": 7650.0,
        "net_profit": 3120.0,
        "roe": 144.99,
        "roa": 5.2,
        "operating_margin": 0.42,
        "cost_ratio": 3.23,
        "sga_ratio": 88.52
      },
      {
        "fiscal_year": "2011/03",
        "sales": 227600.0,
        "operating_profit": 9130.0,
        "ordinary_profit": 8960.0,
        "net_profit": 3720.0000000000005,
        "eps": 2480.0,
        "roe": 172.67,
        "roa": 6.04,
        "operating_margin": 0.45,
        "cost_ratio": 4.01,
        "sga_ratio": 88.82
      },
      {
        "fiscal_year": "2012/03",
        "sales": 232800.0,
        "operating_profit": 8100.0,
        "ordinary_profit": 8380.0,
        "net_profit": 3850.0,
        "eps": 4580.0,
        "roe": 178.66,
        "roa": 5.94,
        "operating_margin": 0.48,
        "cost_ratio": 3.48,
        "sga_ratio": 88.07
      },
      {
        "fiscal_year": "2013/03",
        "sales": 229200.0,
        "operating_profit": 9130.0,
        "ordinary_profit": 9350.0,
        "net_profit": 4300.0,
        "eps": 4750.0,
        "roe": 199.74,
        "roa": 6.36,
        "operating_margin": 0.59,
        "cost_ratio": 3.98,
        "sga_ratio": 89.86
      },
      {
        "fiscal_year": "2014/03",
        "sales": 228300.0,
        "operating_profit": 16100.0,
        "ordinary_profit": 16500.0,
        "net_profit": 5010.0,
        "eps": 13800.0,
        "roe": 232.62,
        "roa": 7.0,
        "operating_margin": 0.71,
        "cost_ratio": 7.04,
        "sga_ratio": 86.65
      },
      {
        "fiscal_year": "2015/03",
        "sales": 213900.0,
        "operating_profit": 6040.0,
        "ordinary_profit": 4730.0,
        "net_profit": 2820.0,
        "eps": 2420.0,
        "roe": 130.78,
        "roa": 3.79,
        "operating_margin": 0.35,
        "cost_ratio": 2.83,
        "sga_ratio": 90.28
      },
      {
        "fiscal_year": "2016/03",
        "sales": 202600.0,
        "operating_profit": 4870.0,
        "ordinary_profit": 6030.0,
        "net_profit": 3329.9999999999995,
        "eps": 2070.0,
        "roe": 154.83,
        "roa": 4.39,
        "operating_margin": 0.4,
        "cost_ratio": 2.4,
        "sga_ratio": 89.52
      },
      {
        "fiscal_year": "2017/03",
        "sales": 215700.0,
        "operating_profit": 6020.0,
        "ordinary_profit": 6540.000000000001,
        "net_profit": 3520.0000000000005,
        "eps": 5700.0,
        "roe": 163.33,
        "roa": 4.44,
        "operating_margin": 0.41,
        "cost_ratio": 2.79,
        "sga_ratio": 89.19
      },
      {
        "fiscal_year": "2018/03",
        "sales": 231400.0,
        "operating_profit": 12700.0,
        "ordinary_profit": 13500.0,
        "net_profit": 6010.0,
        "eps": 10700.0,
        "roe": 278.92,
        "roa": 7.1,
        "operating_margin": 0.66,
        "cost_ratio": 5.48,
        "sga_ratio": 87.49
      },
      {
        "fiscal_year": "2019/03",
        "sales": 204100.0,
        "operating_profit": 8930.0,
        "ordinary_profit": 8900.0,
        "net_profit": 6390.0,
        "eps": 7080.0,
        "roe": 296.8,
        "roa": 7.18,
        "operating_margin": 0.71,
        "cost_ratio": 4.37,
        "sga_ratio": 87.46
      },
      {
        "fiscal_year": "2020/03",
        "sales": 220700.0,
        "operating_profit": 8290.0,
        "ordinary_profit": 9090.0,
        "net_profit": 5120.0,
        "eps": 6950.0,
        "roe": 237.64,
        "roa": 5.52,
        "operating_margin": 0.51,
        "cost_ratio": 3.76,
        "sga_ratio": 87.5
      },
      {
        "fiscal_year": "2021/03",
        "sales": 221300.0,
        "operating_profit": 5970.0,
        "ordinary_profit": 6090.0,
        "net_profit": 4120.0,
        "eps": 3960.0,
        "roe": 191.24,
        "roa": 4.31,
        "operating_margin": 0.39,
        "cost_ratio": 2.7,
        "sga_ratio": 88.33
      },
      {
        "fiscal_year": "2022/03",
        "sales": 249900.0,
        "operating_profit": 10400.0,
        "ordinary_profit": 11400.0,
        "net_profit": 6940.000000000001,
        "eps": 11200.0,
        "roe": 322.34,
        "roa": 6.72,
        "operating_margin": 0.67,
        "cost_ratio": 4.18,
        "sga_ratio": 87.31
      },
      {
        "fiscal_year": "2023/03",
        "sales": 258100.0,
        "operating_profit": 11700.0,
        "ordinary_profit": 12400.0,
        "net_profit": 6420.0,
        "eps": 10900.0,
        "roe": 298.11,
        "roa": 5.86,
        "operating_margin": 0.61,
        "cost_ratio": 4.54,
        "sga_ratio": 87.63
      },
      {
        "fiscal_year": "2024/03",
        "sales": 255900.0,
        "operating_profit": 11700.0,
        "ordinary_profit": 11800.0,
        "net_profit": 7030.0,
        "eps": 10100.0,
        "roe": 326.66,
        "roa": 6.08,
        "operating_margin": 0.63,
        "cost_ratio": 4.57,
        "sga_ratio": 87.26
      },
      {
        "fiscal_year": "2025/03",
        "sales": 260000.0,
        "operating_profit": 12000.0,
        "ordinary_profit": 12500.0,
        "net_profit": 8000.0,
        "roe": 371.4,
        "roa": 6.79,
        "operating_margin": 0.73,
        "cost_ratio": 4.62
      }
    ],
    "dividend_data": [
      {
        "fiscal_year": "2010/03",
        "total_dividend": 44.0,
        "dividend_yield": 3.65
      },
      {
        "fiscal_year": "2011/03",
        "total_dividend": 44.0,
        "dividend_yield": 3.23
      },
      {
        "fiscal_year": "2012/03",
        "total_dividend": 44.0,
        "dividend_yield": 3.21
      },
      {
        "fiscal_year": "2013/03",
        "total_dividend": 44.0,
        "dividend_yield": 1.87
      }
    ]
  }
]