[
  {
    "code": 3708,
    "name": "特種東海製紙",
    "annual_data": [
      {
        "date": "2010/03/31",
        "per": 22.69,
        "pbr": 0.68,
        "is_per_red": false,
        "is_pbr_red": false
      },
      {
        "date": "2011/03/31",
        "per": 35.42,
        "pbr": 0.5,
        "is_per_red": false,
        "is_pbr_red": false
      },
      {
        "date": "2012/03/30",
        "per": 815.45,
        "pbr": 0.55,
        "is_per_red": false,
        "is_pbr_red": false
      },
      {
        "date": "2013/03/29",
        "per": 14.16,
        "pbr": 0.59,
        "is_per_red": false,
        "is_pbr_red": false
      },
      {
        "date": "2014/03/31",
        "per": 15.39,
        "pbr": 0.54,
        "is_per_red": false,
        "is_pbr_red": false
      },
      {
        "date": "2015/03/31",
        "per": 198.69,
        "pbr": 0.64,
        "is_per_red": false,
        "is_pbr_red": false
      },
      {
        "date": "2016/03/31",
        "per": 21.56,
        "pbr": 0.84,
        "is_per_red": false,
        "is_pbr_red": false
      },
      {
        "date": "2017/03/31",
        "per": 16.09,
        "pbr": 0.91,
        "is_per_red": false,
        "is_pbr_red": false
      },
      {
        "date": "2018/03/30",
        "per": 26.36,
        "pbr": 0.85,
        "is_per_red": false,
        "is_pbr_red": false
      },
      {
        "date": "2019/03/29",
        "per": 13.33,
        "pbr": 0.81,
        "is_per_red": false,
        "is_pbr_red": false
      },
      {
        "date": "2020/03/31",
        "per": 16.07,
        "pbr": 0.84,
        "is_per_red": false,
        "is_pbr_red": false
      },
      {
        "date": "2021/03/31",
        "per": 11.7,
        "pbr": 0.89,
        "is_per_red": false,
        "is_pbr_red": false
      },
      {
        "date": "2022/03/31",
        "per": 8.0,
        "pbr": 0.54,
        "is_per_red": false,
        "is_pbr_red": false
      },
      {
        "date": "2023/03/31",
        "per": 8.51,
        "pbr": 0.48,
        "is_per_red": false,
        "is_pbr_red": false
      },
      {
        "date": "2024/03/29",
        "per": 10.34,
        "pbr": 0.62,
        "is_per_red": false,
        "is_pbr_red": false
      }
    ],
    "daily_data": [],
    "financial_data": [
      {
        "fiscal_year": "2008/03",
        "sales": 87300.0,
        "operating_profit": 438.99999999999994,
        "ordinary_profit": 179.0,
        "net_profit": -851.0,
        "roa": -1,
        "operating_margin": -1,
        "cost_ratio": 0.5,
        "sga_ratio": 83.27
      },
      {
        "fiscal_year": "2009/03",
        "sales": 85100.0,
        "operating_profit": 629.0,
        "ordinary_profit": 183.0,
        "net_profit": 119.0,
        "roa": 0.2,
        "operating_margin": 0.09,
        "cost_ratio": 0.74,
        "sga_ratio": 83.84
      },
      {
        "fiscal_year": "2010/03",
        "sales": 78100.0,
        "operating_profit": 4330.0,
        "ordinary_profit": 4010.0,
        "net_profit": 1789.9999999999998,
        "roe": 10.97,
        "roa": 3.0,
        "operating_margin": 1.36,
        "cost_ratio": 5.55,
        "sga_ratio": 78.61
      },
      {
        "fiscal_year": "2011/03",
        "sales": 79400.0,
        "operating_profit": 3840.0,
        "ordinary_profit": 3750.0,
        "net_profit": 839.0,
        "eps": 423.00000000000006,
        "roe": 5.14,
        "roa": 1.41,
        "operating_margin": 0.66,
        "cost_ratio": 4.84,
        "sga_ratio": 80.4
      },
      {
        "fiscal_year": "2012/03",
        "sales": 77700.0,
        "operating_profit": 3270.0000000000005,
        "ordinary_profit": 3990.0,
        "net_profit": 38.0,
        "eps": 77.0,
        "roe": 0.23,
        "roa": 0.07,
        "operating_margin": 0.03,
        "cost_ratio": 4.21,
        "sga_ratio": 81.33
      },
      {
        "fiscal_year": "2013/03",
        "sales": 75600.0,
        "operating_profit": 4170.0,
        "ordinary_profit": 4210.0,
        "net_profit": 2470.0,
        "eps": 3090.0,
        "roe": 15.11,
        "roa": 4.18,
        "operating_margin": 2.05,
        "cost_ratio": 5.52,
        "sga_ratio": 79.75
      },
      {
        "fiscal_year": "2014/03",
        "sales": 78200.0,
        "operating_profit": 3180.0,
        "ordinary_profit": 3520.0000000000005,
        "net_profit": 2180.0,
        "eps": 4330.0,
        "roe": 14.94,
        "roa": 3.44,
        "operating_margin": 1.74,
        "cost_ratio": 4.07,
        "sga_ratio": 81.5
      },
      {
        "fiscal_year": "2015/03",
        "sales": 78800.0,
        "operating_profit": 2480.0,
        "ordinary_profit": 2760.0,
        "net_profit": 204.0,
        "eps": 852.0,
        "roe": 1.38,
        "roa": 0.32,
        "operating_margin": 0.16,
        "cost_ratio": 3.14,
        "sga_ratio": 82.71
      },
      {
        "fiscal_year": "2016/03",
        "sales": 78500.0,
        "operating_profit": 3750.0,
        "ordinary_profit": 3929.9999999999995,
        "net_profit": 2500.0,
        "eps": 1350.0,
        "roe": 16.88,
        "roa": 3.9,
        "operating_margin": 1.97,
        "cost_ratio": 4.78,
        "sga_ratio": 81.2
      },
      {
        "fiscal_year": "2017/03",
        "sales": 77700.0,
        "operating_profit": 4710.0,
        "ordinary_profit": 5080.0,
        "net_profit": 3850.0,
        "eps": 6020.0,
        "roe": 258.86,
        "roa": 5.63,
        "operating_margin": 2.92,
        "cost_ratio": 6.06,
        "sga_ratio": 81.91
      },
      {
        "fiscal_year": "2018/03",
        "sales": 79100.0,
        "operating_profit": 3929.9999999999995,
        "ordinary_profit": 3200.0,
        "net_profit": 2190.0,
        "eps": 3479.9999999999995,
        "roe": 153.86,
        "roa": 3.31,
        "operating_margin": 1.7,
        "cost_ratio": 4.97,
        "sga_ratio": 85.45
      },
      {
        "fiscal_year": "2019/03",
        "sales": 81900.0,
        "operating_profit": 3140.0,
        "ordinary_profit": 5350.0,
        "net_profit": 4210.0,
        "eps": 3610.0,
        "roe": 303.53,
        "roa": 6.1,
        "operating_margin": 3.24,
        "cost_ratio": 3.84,
        "sga_ratio": 86.88
      },
      {
        "fiscal_year": "2020/03",
        "sales": 80600.0,
        "operating_profit": 2870.0,
        "ordinary_profit": 5390.0,
        "net_profit": 3690.0,
        "eps": 3100.0,
        "roe": 266.01,
        "roa": 5.21,
        "operating_margin": 2.78,
        "cost_ratio": 3.56,
        "sga_ratio": 86.6
      },
      {
        "fiscal_year": "2021/03",
        "sales": 76400.0,
        "operating_profit": 3229.9999999999995,
        "ordinary_profit": 5970.0,
        "net_profit": 5590.0,
        "eps": 5880.0,
        "roe": 416.26,
        "roa": 7.62,
        "operating_margin": 4.37,
        "cost_ratio": 4.22,
        "sga_ratio": 85.49
      },
      {
        "fiscal_year": "2022/03",
        "sales": 80700.0,
        "operating_profit": 4230.0,
        "ordinary_profit": 5730.0,
        "net_profit": 5250.0,
        "eps": 4620.0,
        "roe": 396.01,
        "roa": 7.28,
        "operating_margin": 4.19,
        "cost_ratio": 5.24,
        "sga_ratio": 85.43
      },
      {
        "fiscal_year": "2023/03",
        "sales": 84100.0,
        "operating_profit": 1639.9999999999998,
        "ordinary_profit": 4060.0,
        "net_profit": 4130.0,
        "eps": 2790.0,
        "roe": 345.45,
        "roa": 5.73,
        "operating_margin": 3.35,
        "cost_ratio": 1.95,
        "sga_ratio": 89.54
      },
      {
        "fiscal_year": "2024/03",
        "sales": 86500.0,
        "operating_profit": 2300.0,
        "ordinary_profit": 6190.0,
        "net_profit": 4590.0,
        "eps": 6530.0,
        "roe": 387.93,
        "roa": 5.97,
        "operating_margin": 3.45,
        "cost_ratio": 2.65,
        "sga_ratio": 88.02
      },
      {
        "fiscal_year": "2025/03",
        "sales": 95000.0,
        "operating_profit": 4000.0,
        "ordinary_profit": 6200.0,
        "net_profit": 4300.0,
        "roe": 364.34,
        "roa": 5.52,
        "operating_margin": 3.24,
        "cost_ratio": 4.21
      }
    ],
    "dividend_data": [
      {
        "fiscal_year": "2010/03",
        "total_dividend": 5.0,
        "dividend_yield": 2.01
      },
      {
        "fiscal_year": "2011/03",
        "total_dividend": 5.0,
        "dividend_yield": 2.75
      },
      {
        "fiscal_year": "2012/03",
        "total_dividend": 5.0,
        "dividend_yield": 2.63
      },
      {
        "fiscal_year": "2013/03",
        "total_dividend": 5.0,
        "dividend_yield": 2.34
      }
    ]
  },
  {
    "code": 3861,
    "name": "王子ホールディングス",
    "annual_data": [
      {
        "date": "2010/03/31",
        "per": 17.54,
        "pbr": 0.98,
        "is_per_red": false,
        "is_pbr_red": false
      },
      {
        "date": "2011/03/31",
        "per": 17.08,
        "pbr": 0.96,
        "is_per_red": false,
        "is_pbr_red": false
      },
      {
        "date": "2012/03/30",
        "per": 19.19,
        "pbr": 0.95,
        "is_per_red": false,
        "is_pbr_red": false
      },
      {
        "date": "2013/03/29",
        "per": 17.08,
        "pbr": 0.74,
        "is_per_red": false,
        "is_pbr_red": false
      },
      {
        "date": "2014/03/31",
        "per": 14.43,
        "pbr": 0.8,
        "is_per_red": false,
        "is_pbr_red": false
      },
      {
        "date": "2015/03/31",
        "per": 31.32,
        "pbr": 0.75,
        "is_per_red": false,
        "is_pbr_red": false
      },
      {
        "date": "2016/03/31",
        "per": 35.15,
        "pbr": 0.77,
        "is_per_red": false,
        "is_pbr_red": false
      },
      {
        "date": "2017/03/31",
        "per": 12.79,
        "pbr": 0.82,
        "is_per_red": false,
        "is_pbr_red": false
      },
      {
        "date": "2018/03/30",
        "per": 18.67,
        "pbr": 1.0,
        "is_per_red": false,
        "is_pbr_red": false
      },
      {
        "date": "2019/03/29",
        "per": 13.08,
        "pbr": 1.0,
        "is_per_red": false,
        "is_pbr_red": false
      },
      {
        "date": "2020/03/31",
        "per": 9.85,
        "pbr": 0.83,
        "is_per_red": false,
        "is_pbr_red": false
      },
      {
        "date": "2021/03/31",
        "per": 14.28,
        "pbr": 0.94,
        "is_per_red": false,
        "is_pbr_red": false
      },
      {
        "date": "2022/03/31",
        "per": 6.87,
        "pbr": 0.71,
        "is_per_red": false,
        "is_pbr_red": false
      },
      {
        "date": "2023/03/31",
        "per": 9.19,
        "pbr": 0.55,
        "is_per_red": false,
        "is_pbr_red": false
      },
      {
        "date": "2024/03/29",
        "per": 12.43,
        "pbr": 0.59,
        "is_per_red": false,
        "is_pbr_red": false
      }
    ],
    "daily_data": [],
    "financial_data": [
      {
        "fiscal_year": "2008/03",
        "sales": 1320000.0,
        "operating_profit": 42100.0,
        "ordinary_profit": 38100.0,
        "net_profit": 11800.0,
        "roa": 2.38,
        "operating_margin": 0.66,
        "cost_ratio": 3.19,
        "sga_ratio": 79.17
      },
      {
        "fiscal_year": "2009/03",
        "sales": 1270000.0,
        "operating_profit": 32800.0,
        "ordinary_profit": 28800.0,
        "net_profit": -6320.0,
        "roa": -1,
        "operating_margin": -1,
        "cost_ratio": 2.59,
        "sga_ratio": 80.01
      },
      {
        "fiscal_year": "2010/03",
        "sales": 1150000.0,
        "operating_profit": 73700.0,
        "ordinary_profit": 64700.0,
        "net_profit": 24900.0,
        "roe": 23.38,
        "roa": 5.58,
        "operating_margin": 1.54,
        "cost_ratio": 6.42,
        "sga_ratio": 75.9
      },
      {
        "fiscal_year": "2011/03",
        "sales": 1180000.0,
        "operating_profit": 65400.0,
        "ordinary_profit": 60200.0,
        "net_profit": 24600.0,
        "eps": 2030.0,
        "roe": 23.13,
        "roa": 5.61,
        "operating_margin": 1.52,
        "cost_ratio": 5.55,
        "sga_ratio": 76.77
      },
      {
        "fiscal_year": "2012/03",
        "sales": 1210000.0,
        "operating_profit": 53800.0,
        "ordinary_profit": 48400.0,
        "net_profit": 22200.0,
        "eps": 19100.0,
        "roe": 20.84,
        "roa": 4.95,
        "operating_margin": 1.36,
        "cost_ratio": 4.43,
        "sga_ratio": 77.99
      },
      {
        "fiscal_year": "2013/03",
        "sales": 1240000.0,
        "operating_profit": 43500.0,
        "ordinary_profit": 45000.0,
        "net_profit": 21600.0,
        "eps": 68400.0,
        "roe": 20.32,
        "roa": 4.32,
        "operating_margin": 1.19,
        "cost_ratio": 3.5,
        "sga_ratio": 78.36
      },
      {
        "fiscal_year": "2014/03",
        "sales": 1330000.0,
        "operating_profit": 57300.0,
        "ordinary_profit": 65200.0,
        "net_profit": 31600.0,
        "eps": 107700.0,
        "roe": 32.01,
        "roa": 5.57,
        "operating_margin": 1.67,
        "cost_ratio": 4.3,
        "sga_ratio": 78.24
      },
      {
        "fiscal_year": "2015/03",
        "sales": 1350000.0,
        "operating_profit": 43900.0,
        "ordinary_profit": 49400.0,
        "net_profit": 15500.0,
        "eps": 103600.0,
        "roe": 15.71,
        "roa": 2.39,
        "operating_margin": 0.73,
        "cost_ratio": 3.26,
        "sga_ratio": 79.07
      },
      {
        "fiscal_year": "2016/03",
        "sales": 1430000.0,
        "operating_profit": 72000.0,
        "ordinary_profit": 60500.0,
        "net_profit": 12700.0,
        "eps": -62700.0,
        "roe": 12.86,
        "roa": 2.19,
        "operating_margin": 0.67,
        "cost_ratio": 5.02,
        "sga_ratio": 76.96
      },
      {
        "fiscal_year": "2017/03",
        "sales": 1440000.0,
        "operating_profit": 70200.0,
        "ordinary_profit": 52900.0,
        "net_profit": 40300.0,
        "eps": 52700.0,
        "roe": 40.74,
        "roa": 6.41,
        "operating_margin": 2.12,
        "cost_ratio": 4.88,
        "sga_ratio": 76.77
      },
      {
        "fiscal_year": "2018/03",
        "sales": 1490000.0,
        "operating_profit": 70800.0,
        "ordinary_profit": 66000.0,
        "net_profit": 36200.0,
        "eps": 60600.0,
        "roe": 36.64,
        "roa": 5.38,
        "operating_margin": 1.85,
        "cost_ratio": 4.76,
        "sga_ratio": 77.0
      },
      {
        "fiscal_year": "2019/03",
        "sales": 1550000.0,
        "operating_profit": 110200.0,
        "ordinary_profit": 118400.0,
        "net_profit": 52000.0,
        "eps": 32500.0,
        "roe": 52.52,
        "roa": 7.67,
        "operating_margin": 2.66,
        "cost_ratio": 7.11,
        "sga_ratio": 75.76
      },
      {
        "fiscal_year": "2020/03",
        "sales": 1510000.0,
        "operating_profit": 106100.0,
        "ordinary_profit": 101300.0,
        "net_profit": 58200.0,
        "eps": 33400.0,
        "roe": 58.78,
        "roa": 8.41,
        "operating_margin": 3.09,
        "cost_ratio": 7.04,
        "sga_ratio": 75.86
      },
      {
        "fiscal_year": "2021/03",
        "sales": 1360000.0,
        "operating_profit": 84800.0,
        "ordinary_profit": 83100.0,
        "net_profit": 49600.0,
        "eps": 72200.0,
        "roe": 50.13,
        "roa": 6.61,
        "operating_margin": 2.5,
        "cost_ratio": 6.24,
        "sga_ratio": 75.91
      },
      {
        "fiscal_year": "2022/03",
        "sales": 1470000.0,
        "operating_profit": 120100.0,
        "ordinary_profit": 135100.0,
        "net_profit": 87500.0,
        "eps": 135400.0,
        "roe": 88.35,
        "roa": 10.28,
        "operating_margin": 4.26,
        "cost_ratio": 8.17,
        "sga_ratio": 76.6
      },
      {
        "fiscal_year": "2023/03",
        "sales": 1710000.0,
        "operating_profit": 84800.0,
        "ordinary_profit": 95000.0,
        "net_profit": 56500.0,
        "eps": 117100.0,
        "roe": 57.0,
        "roa": 6.03,
        "operating_margin": 2.46,
        "cost_ratio": 4.97,
        "sga_ratio": 80.08
      },
      {
        "fiscal_year": "2024/03",
        "sales": 1700000.0,
        "operating_profit": 72600.0,
        "ordinary_profit": 86000.0,
        "net_profit": 50800.0,
        "eps": 148900.0,
        "roe": 51.31,
        "roa": 4.76,
        "operating_margin": 2.08,
        "cost_ratio": 4.28,
        "sga_ratio": 80.89
      },
      {
        "fiscal_year": "2025/03",
        "sales": 1880000.0,
        "operating_profit": 70000.0,
        "ordinary_profit": 73000.0,
        "net_profit": 57000.0,
        "roe": 57.89,
        "roa": 4.9,
        "operating_margin": 2.09,
        "cost_ratio": 3.73
      }
    ],
    "dividend_data": [
      {
        "fiscal_year": "2010/03",
        "total_dividend": 10.0,
        "dividend_yield": 2.44
      },
      {
        "fiscal_year": "2011/03",
        "total_dividend": 10.0,
        "dividend_yield": 2.53
      },
      {
        "fiscal_year": "2012/03",
        "total_dividend": 10.0,
        "dividend_yield": 2.5
      },
      {
        "fiscal_year": "2013/03",
        "total_dividend": 10.0,
        "dividend_yield": 2.88
      }
    ]
  },
  {
    "code": 3863,
    "name": "日本製紙",
    "annual_data": [
      {
        "date": "2014/03/31",
        "per": 9.89,
        "pbr": 0.53,
        "is_per_red": false,
        "is_pbr_red": false
      },
      {
        "date": "2015/03/31",
        "per": 9.02,
        "pbr": 0.43,
        "is_per_red": false,
        "is_pbr_red": false
      },
      {
        "date": "2016/03/31",
        "per": 95.65,
        "pbr": 0.55,
        "is_per_red": false,
        "is_pbr_red": false
      },
      {
        "date": "2017/03/31",
        "per": 27.59,
        "pbr": 0.54,
        "is_per_red": false,
        "is_pbr_red": false
      },
      {
        "date": "2018/03/30",
        "per": 29.29,
        "pbr": 0.53,
        "is_per_red": false,
        "is_pbr_red": false
      },
      {
        "date": "2019/03/29",
        "per": -1,
        "pbr": 0.69,
        "is_per_red": true,
        "is_pbr_red": false
      },
      {
        "date": "2020/03/31",
        "per": 12.52,
        "pbr": 0.47,
        "is_per_red": false,
        "is_pbr_red": false
      },
      {
        "date": "2021/03/31",
        "per": 47.92,
        "pbr": 0.37,
        "is_per_red": false,
        "is_pbr_red": false
      },
      {
        "date": "2022/03/31",
        "per": 60.3,
        "pbr": 0.28,
        "is_per_red": false,
        "is_pbr_red": false
      },
      {
        "date": "2023/03/31",
        "per": -1,
        "pbr": 0.3,
        "is_per_red": true,
        "is_pbr_red": false
      },
      {
        "date": "2024/03/29",
        "per": 6.0,
        "pbr": 0.29,
        "is_per_red": false,
        "is_pbr_red": false
      }
    ],
    "daily_data": [],
    "financial_data": [
      {
        "fiscal_year": "2010/03",
        "sales": 890000.0,
        "ordinary_profit": 21700.0,
        "net_profit": -2610.0,
        "roe": -2.41,
        "operating_margin": -1
      },
      {
        "fiscal_year": "2011/03",
        "sales": 900000.0,
        "ordinary_profit": 24500.0,
        "net_profit": -28700.0,
        "eps": -47000.0,
        "roe": -26.54,
        "roa": -1,
        "operating_margin": -1
      },
      {
        "fiscal_year": "2012/03",
        "sales": 840000.0,
        "operating_profit": 26500.0,
        "ordinary_profit": -3520.0000000000005,
        "net_profit": -44900.0,
        "eps": -39200.0,
        "roe": -41.59,
        "roa": -1,
        "operating_margin": -1,
        "cost_ratio": 3.17,
        "sga_ratio": 79.26
      },
      {
        "fiscal_year": "2013/03",
        "sales": 860000.0,
        "operating_profit": 18300.0,
        "ordinary_profit": 15600.0,
        "net_profit": 4470.0,
        "eps": 25900.0,
        "roe": 38.43,
        "roa": 1.38,
        "operating_margin": 0.31,
        "cost_ratio": 2.13,
        "sga_ratio": 79.65
      },
      {
        "fiscal_year": "2014/03",
        "sales": 1080000.0,
        "operating_profit": 28500.0,
        "ordinary_profit": 28200.0,
        "net_profit": 22800.0,
        "eps": 41900.0,
        "roe": 196.67,
        "roa": 5.38,
        "operating_margin": 1.54,
        "cost_ratio": 2.64,
        "sga_ratio": 78.11
      },
      {
        "fiscal_year": "2015/03",
        "sales": 1050000.0,
        "operating_profit": 23700.0,
        "ordinary_profit": 23200.0,
        "net_profit": 23200.0,
        "eps": 67300.0,
        "roe": 200.26,
        "roa": 4.77,
        "operating_margin": 1.55,
        "cost_ratio": 2.25,
        "sga_ratio": 78.44
      },
      {
        "fiscal_year": "2016/03",
        "sales": 1010000.0,
        "operating_profit": 22600.0,
        "ordinary_profit": 17100.0,
        "net_profit": 2420.0,
        "eps": -31800.0,
        "roe": 20.94,
        "roa": 0.57,
        "operating_margin": 0.17,
        "cost_ratio": 2.25,
        "sga_ratio": 79.45
      },
      {
        "fiscal_year": "2017/03",
        "sales": 990000.0,
        "operating_profit": 23800.0,
        "ordinary_profit": 27000.0,
        "net_profit": 8400.0,
        "eps": 25800.0,
        "roe": 72.57,
        "roa": 1.95,
        "operating_margin": 0.6,
        "cost_ratio": 2.39,
        "sga_ratio": 79.35
      },
      {
        "fiscal_year": "2018/03",
        "sales": 1050000.0,
        "operating_profit": 17600.0,
        "ordinary_profit": 18600.0,
        "net_profit": 7850.0,
        "eps": 15300.0,
        "roe": 67.8,
        "roa": 1.8,
        "operating_margin": 0.55,
        "cost_ratio": 1.68,
        "sga_ratio": 80.85
      },
      {
        "fiscal_year": "2019/03",
        "sales": 1070000.0,
        "operating_profit": 19600.0,
        "ordinary_profit": 23900.0,
        "net_profit": -35200.0,
        "eps": -45800.0,
        "roe": -304.34,
        "roa": -1,
        "operating_margin": -1,
        "cost_ratio": 1.84,
        "sga_ratio": 81.52
      },
      {
        "fiscal_year": "2020/03",
        "sales": 1040000.0,
        "operating_profit": 35000.0,
        "ordinary_profit": 30500.0,
        "net_profit": 14200.0,
        "eps": -1950.0,
        "roe": 122.88,
        "roa": 3.79,
        "operating_margin": 1.04,
        "cost_ratio": 3.36,
        "sga_ratio": 79.71
      },
      {
        "fiscal_year": "2021/03",
        "sales": 1010000.0,
        "operating_profit": 19200.0,
        "ordinary_profit": 12300.0,
        "net_profit": 3200.0,
        "eps": 45500.0,
        "roe": 27.67,
        "roa": 0.78,
        "operating_margin": 0.21,
        "cost_ratio": 1.91,
        "sga_ratio": 79.78
      },
      {
        "fiscal_year": "2022/03",
        "sales": 1050000.0,
        "operating_profit": 12100.0,
        "ordinary_profit": 14500.0,
        "net_profit": 1989.9999999999998,
        "eps": 22100.0,
        "roe": 17.23,
        "roa": 0.47,
        "operating_margin": 0.12,
        "cost_ratio": 1.16,
        "sga_ratio": 83.44
      },
      {
        "fiscal_year": "2023/03",
        "sales": 1150000.0,
        "operating_profit": -26900.0,
        "ordinary_profit": -24500.0,
        "net_profit": -50400.0,
        "eps": -28600.0,
        "roe": -436.27,
        "roa": -1,
        "operating_margin": -1,
        "cost_ratio": -2.33,
        "sga_ratio": 87.47
      },
      {
        "fiscal_year": "2024/03",
        "sales": 1170000.0,
        "operating_profit": 17300.0,
        "ordinary_profit": 14600.0,
        "net_profit": 22700.0,
        "eps": 82100.0,
        "roe": 197.09,
        "roa": 4.85,
        "operating_margin": 1.31,
        "cost_ratio": 1.48,
        "sga_ratio": 84.46
      },
      {
        "fiscal_year": "2025/03",
        "sales": 1200000.0,
        "operating_profit": 23000.0,
        "ordinary_profit": 19000.0,
        "net_profit": 3000.0,
        "roe": 25.99,
        "roa": 0.63,
        "operating_margin": 0.17,
        "cost_ratio": 1.92
      }
    ],
    "dividend_data": [
      {
        "fiscal_year": "2010/03",
        "total_dividend": 17.5
      }
    ]
  },
  {
    "code": 3864,
    "name": "三菱製紙",
    "annual_data": [
      {
        "date": "2010/03/31",
        "per": -1,
        "pbr": 0.59,
        "is_per_red": true,
        "is_pbr_red": false
      },
      {
        "date": "2011/03/31",
        "per": -1,
        "pbr": 0.62,
        "is_per_red": true,
        "is_pbr_red": false
      },
      {
        "date": "2012/03/30",
        "per": 49.73,
        "pbr": 0.57,
        "is_per_red": false,
        "is_pbr_red": false
      },
      {
        "date": "2013/03/29",
        "per": 18.63,
        "pbr": 0.61,
        "is_per_red": false,
        "is_pbr_red": false
      },
      {
        "date": "2014/03/31",
        "per": 112.33,
        "pbr": 0.6,
        "is_per_red": false,
        "is_pbr_red": false
      },
      {
        "date": "2015/03/31",
        "per": -1,
        "pbr": 0.57,
        "is_per_red": true,
        "is_pbr_red": false
      },
      {
        "date": "2016/03/31",
        "per": 12.34,
        "pbr": 0.56,
        "is_per_red": false,
        "is_pbr_red": false
      },
      {
        "date": "2017/03/31",
        "per": 21.72,
        "pbr": 0.46,
        "is_per_red": false,
        "is_pbr_red": false
      },
      {
        "date": "2018/03/30",
        "per": 7.0,
        "pbr": 0.37,
        "is_per_red": false,
        "is_pbr_red": false
      },
      {
        "date": "2019/03/29",
        "per": 55.43,
        "pbr": 0.37,
        "is_per_red": false,
        "is_pbr_red": false
      },
      {
        "date": "2020/03/31",
        "per": 19.68,
        "pbr": 0.26,
        "is_per_red": false,
        "is_pbr_red": false
      },
      {
        "date": "2021/03/31",
        "per": -1,
        "pbr": 0.27,
        "is_per_red": true,
        "is_pbr_red": false
      },
      {
        "date": "2022/03/31",
        "per": 12.72,
        "pbr": 0.2,
        "is_per_red": false,
        "is_pbr_red": false
      },
      {
        "date": "2023/03/31",
        "per": -1,
        "pbr": 0.21,
        "is_per_red": true,
        "is_pbr_red": false
      },
      {
        "date": "2024/03/29",
        "per": 6.43,
        "pbr": 0.3,
        "is_per_red": false,
        "is_pbr_red": false
      }
    ],
    "daily_data": [],
    "financial_data": [
      {
        "fiscal_year": "2008/03",
        "sales": 258500.0,
        "operating_profit": 9300.0,
        "ordinary_profit": 7120.0,
        "net_profit": 3650.0,
        "roa": 4.94,
        "operating_margin": 1.21,
        "cost_ratio": 3.6,
        "sga_ratio": 80.83
      },
      {
        "fiscal_year": "2009/03",
        "sales": 253100.0,
        "operating_profit": 7109.999999999999,
        "ordinary_profit": 4500.0,
        "net_profit": 1170.0,
        "roa": 1.76,
        "operating_margin": 0.4,
        "cost_ratio": 2.81,
        "sga_ratio": 81.29
      },
      {
        "fiscal_year": "2010/03",
        "sales": 219700.0,
        "operating_profit": 4250.0,
        "ordinary_profit": 2660.0,
        "net_profit": -1600.0,
        "roe": -4.66,
        "roa": -1,
        "operating_margin": -1,
        "cost_ratio": 1.94,
        "sga_ratio": 80.92
      },
      {
        "fiscal_year": "2011/03",
        "sales": 210800.0,
        "operating_profit": 3479.9999999999995,
        "ordinary_profit": 2120.0,
        "net_profit": -14500.0,
        "eps": -16400.0,
        "roe": -42.32,
        "roa": -1,
        "operating_margin": -1,
        "cost_ratio": 1.65,
        "sga_ratio": 82.23
      },
      {
        "fiscal_year": "2012/03",
        "sales": 194900.0,
        "operating_profit": 2160.0,
        "ordinary_profit": 888.0000000000001,
        "net_profit": 565.0,
        "eps": 39.0,
        "roe": 1.65,
        "roa": 1.14,
        "operating_margin": 0.2,
        "cost_ratio": 1.11,
        "sga_ratio": 83.91
      },
      {
        "fiscal_year": "2013/03",
        "sales": 200900.0,
        "operating_profit": 3329.9999999999995,
        "ordinary_profit": 2660.0,
        "net_profit": 1710.0000000000002,
        "eps": 3710.0,
        "roe": 4.99,
        "roa": 3.26,
        "operating_margin": 0.64,
        "cost_ratio": 1.66,
        "sga_ratio": 83.71
      },
      {
        "fiscal_year": "2014/03",
        "sales": 207500.0,
        "operating_profit": 473.00000000000006,
        "ordinary_profit": 62.0,
        "net_profit": 280.0,
        "eps": 326.0,
        "roe": 0.82,
        "roa": 0.53,
        "operating_margin": 0.11,
        "cost_ratio": 0.23,
        "sga_ratio": 85.93
      },
      {
        "fiscal_year": "2015/03",
        "sales": 214900.0,
        "operating_profit": 1040.0,
        "ordinary_profit": 135.0,
        "net_profit": -4270.0,
        "eps": -734.0,
        "roe": -12.5,
        "roa": -1,
        "operating_margin": -1,
        "cost_ratio": 0.48,
        "sga_ratio": 86.03
      },
      {
        "fiscal_year": "2016/03",
        "sales": 216300.0,
        "operating_profit": 3870.0000000000005,
        "ordinary_profit": 2220.0,
        "net_profit": 2220.0,
        "eps": -3310.0,
        "roe": 6.49,
        "roa": 4.5,
        "operating_margin": 0.92,
        "cost_ratio": 1.79,
        "sga_ratio": 83.72
      },
      {
        "fiscal_year": "2017/03",
        "sales": 202000.0,
        "operating_profit": 4310.0,
        "ordinary_profit": 2700.0,
        "net_profit": 1150.0,
        "eps": 5600.0,
        "roe": 33.7,
        "roa": 2.12,
        "operating_margin": 0.49,
        "cost_ratio": 2.14,
        "sga_ratio": 82.6
      },
      {
        "fiscal_year": "2018/03",
        "sales": 201500.0,
        "operating_profit": 1789.9999999999998,
        "ordinary_profit": 652.0,
        "net_profit": 3200.0,
        "eps": 5490.0,
        "roe": 93.56,
        "roa": 5.35,
        "operating_margin": 1.35,
        "cost_ratio": 0.89,
        "sga_ratio": 83.98
      },
      {
        "fiscal_year": "2019/03",
        "sales": 204000.0,
        "operating_profit": -40.0,
        "ordinary_profit": -914.0,
        "net_profit": 351.0,
        "eps": -474.0,
        "roe": 10.03,
        "roa": 0.53,
        "operating_margin": 0.15,
        "cost_ratio": -0.02,
        "sga_ratio": 85.59
      },
      {
        "fiscal_year": "2020/03",
        "sales": 194600.0,
        "operating_profit": 1980.0,
        "ordinary_profit": 2700.0,
        "net_profit": 801.0,
        "eps": -4510.0,
        "roe": 17.94,
        "roa": 1.32,
        "operating_margin": 0.38,
        "cost_ratio": 1.02,
        "sga_ratio": 84.54
      },
      {
        "fiscal_year": "2021/03",
        "sales": 162300.0,
        "operating_profit": -1770.0,
        "ordinary_profit": -636.0,
        "net_profit": -2530.0,
        "eps": 2590.0,
        "roe": -56.7,
        "roa": -1,
        "operating_margin": -1,
        "cost_ratio": -1.09,
        "sga_ratio": 86.09
      },
      {
        "fiscal_year": "2022/03",
        "sales": 181900.0,
        "operating_profit": -248.0,
        "ordinary_profit": 1960.0000000000002,
        "net_profit": 1100.0,
        "eps": 6959.999999999999,
        "roe": 24.6,
        "roa": 1.57,
        "operating_margin": 0.51,
        "cost_ratio": -0.14,
        "sga_ratio": 85.83
      },
      {
        "fiscal_year": "2023/03",
        "sales": 209500.0,
        "operating_profit": 968.0,
        "ordinary_profit": 3090.0,
        "net_profit": -571.0,
        "eps": 2630.0,
        "roe": -12.95,
        "roa": -1,
        "operating_margin": -1,
        "cost_ratio": 0.46,
        "sga_ratio": 86.99
      },
      {
        "fiscal_year": "2024/03",
        "sales": 193500.0,
        "operating_profit": 5410.0,
        "ordinary_profit": 7100.0,
        "net_profit": 4170.0,
        "eps": 19100.0,
        "roe": 95.27,
        "roa": 4.59,
        "operating_margin": 1.77,
        "cost_ratio": 2.8,
        "sga_ratio": 85.45
      },
      {
        "fiscal_year": "2025/03",
        "sales": 197000.0,
        "operating_profit": 8000.0,
        "ordinary_profit": 8000.0,
        "net_profit": 8000.0,
        "roe": 182.52,
        "roa": 8.93,
        "operating_margin": 3.61,
        "cost_ratio": 4.06
      }
    ],
    "dividend_data": [
      {
        "fiscal_year": "2013/03",
        "total_dividend": 0.0
      }
    ]
  },
  {
    "code": 3865,
    "name": "北越コーポレーション",
    "annual_data": [
      {
        "date": "2010/03/31",
        "per": 13.75,
        "pbr": 0.71,
        "is_per_red": false,
        "is_pbr_red": false
      },
      {
        "date": "2011/03/31",
        "per": 17.66,
        "pbr": 0.68,
        "is_per_red": false,
        "is_pbr_red": false
      },
      {
        "date": "2012/03/30",
        "per": 9.1,
        "pbr": 0.78,
        "is_per_red": false,
        "is_pbr_red": false
      },
      {
        "date": "2013/03/29",
        "per": 11.5,
        "pbr": 0.6,
        "is_per_red": false,
        "is_pbr_red": false
      },
      {
        "date": "2014/03/31",
        "per": 16.96,
        "pbr": 0.62,
        "is_per_red": false,
        "is_pbr_red": false
      },
      {
        "date": "2015/03/31",
        "per": 12.12,
        "pbr": 0.61,
        "is_per_red": false,
        "is_pbr_red": false
      },
      {
        "date": "2016/03/31",
        "per": 16.91,
        "pbr": 0.75,
        "is_per_red": false,
        "is_pbr_red": false
      },
      {
        "date": "2017/03/31",
        "per": 14.09,
        "pbr": 0.81,
        "is_per_red": false,
        "is_pbr_red": false
      },
      {
        "date": "2018/03/30",
        "per": 12.55,
        "pbr": 0.68,
        "is_per_red": false,
        "is_pbr_red": false
      },
      {
        "date": "2019/03/29",
        "per": 13.36,
        "pbr": 0.64,
        "is_per_red": false,
        "is_pbr_red": false
      },
      {
        "date": "2020/03/31",
        "per": 9.3,
        "pbr": 0.38,
        "is_per_red": false,
        "is_pbr_red": false
      },
      {
        "date": "2021/03/31",
        "per": 6.14,
        "pbr": 0.45,
        "is_per_red": false,
        "is_pbr_red": false
      },
      {
        "date": "2022/03/31",
        "per": 5.51,
        "pbr": 0.54,
        "is_per_red": false,
        "is_pbr_red": false
      },
      {
        "date": "2023/03/31",
        "per": 17.91,
        "pbr": 0.66,
        "is_per_red": false,
        "is_pbr_red": false
      },
      {
        "date": "2024/03/29",
        "per": 38.53,
        "pbr": 1.29,
        "is_per_red": false,
        "is_pbr_red": false
      }
    ],
    "daily_data": [],
    "financial_data": [
      {
        "fiscal_year": "2008/03",
        "sales": 172700.0,
        "operating_profit": 8330.0,
        "ordinary_profit": 7890.000000000001,
        "net_profit": 4070.0000000000005,
        "roa": 2.95,
        "operating_margin": 1.39,
        "cost_ratio": 4.82,
        "sga_ratio": 81.65
      },
      {
        "fiscal_year": "2009/03",
        "sales": 182800.0,
        "operating_profit": 8120.0,
        "ordinary_profit": 6590.000000000001,
        "net_profit": 1750.0,
        "roa": 1.3,
        "operating_margin": 0.56,
        "cost_ratio": 4.44,
        "sga_ratio": 82.95
      },
      {
        "fiscal_year": "2010/03",
        "sales": 194000.0,
        "operating_profit": 9890.0,
        "ordinary_profit": 9440.0,
        "net_profit": 7109.999999999999,
        "roe": 33.96,
        "roa": 5.17,
        "operating_margin": 2.08,
        "cost_ratio": 5.1,
        "sga_ratio": 81.08
      },
      {
        "fiscal_year": "2011/03",
        "sales": 217000.0,
        "operating_profit": 8740.0,
        "ordinary_profit": 10100.0,
        "net_profit": 5300.0,
        "eps": 4029.9999999999995,
        "roe": 25.31,
        "roa": 3.86,
        "operating_margin": 1.64,
        "cost_ratio": 4.03,
        "sga_ratio": 81.8
      },
      {
        "fiscal_year": "2012/03",
        "sales": 230600.0,
        "operating_profit": 10800.0,
        "ordinary_profit": 13800.0,
        "net_profit": 12700.0,
        "eps": 13900.0,
        "roe": 60.56,
        "roa": 8.52,
        "operating_margin": 3.81,
        "cost_ratio": 4.69,
        "sga_ratio": 81.64
      },
      {
        "fiscal_year": "2013/03",
        "sales": 208300.0,
        "operating_profit": 3660.0,
        "ordinary_profit": 10500.0,
        "net_profit": 8170.0,
        "eps": 10900.0,
        "roe": 39.04,
        "roa": 5.22,
        "operating_margin": 2.38,
        "cost_ratio": 1.76,
        "sga_ratio": 83.38
      },
      {
        "fiscal_year": "2014/03",
        "sales": 223900.0,
        "operating_profit": 3310.0,
        "ordinary_profit": 8480.0,
        "net_profit": 6110.0,
        "eps": 9970.0,
        "roe": 30.54,
        "roa": 3.89,
        "operating_margin": 1.74,
        "cost_ratio": 1.48,
        "sga_ratio": 84.77
      },
      {
        "fiscal_year": "2015/03",
        "sales": 228400.0,
        "operating_profit": 6140.0,
        "ordinary_profit": 11500.0,
        "net_profit": 8360.0,
        "eps": 13400.0,
        "roe": 44.39,
        "roa": 5.0,
        "operating_margin": 2.38,
        "cost_ratio": 2.69,
        "sga_ratio": 83.55
      },
      {
        "fiscal_year": "2016/03",
        "sales": 246800.0,
        "operating_profit": 9240.0,
        "ordinary_profit": 10600.0,
        "net_profit": 7480.0,
        "eps": 3250.0,
        "roe": 39.69,
        "roa": 4.43,
        "operating_margin": 2.06,
        "cost_ratio": 3.74,
        "sga_ratio": 82.25
      },
      {
        "fiscal_year": "2017/03",
        "sales": 262400.0,
        "operating_profit": 12900.0,
        "ordinary_profit": 14100.0,
        "net_profit": 10400.0,
        "eps": 13800.0,
        "roe": 55.08,
        "roa": 5.76,
        "operating_margin": 2.87,
        "cost_ratio": 4.92,
        "sga_ratio": 79.89
      },
      {
        "fiscal_year": "2018/03",
        "sales": 269100.0,
        "operating_profit": 11400.0,
        "ordinary_profit": 13900.0,
        "net_profit": 10300.0,
        "eps": 13000.0,
        "roe": 54.68,
        "roa": 5.4,
        "operating_margin": 2.82,
        "cost_ratio": 4.24,
        "sga_ratio": 80.58
      },
      {
        "fiscal_year": "2019/03",
        "sales": 275800.0,
        "operating_profit": 10100.0,
        "ordinary_profit": 13000.0,
        "net_profit": 9160.0,
        "eps": 3210.0,
        "roe": 48.44,
        "roa": 4.77,
        "operating_margin": 2.49,
        "cost_ratio": 3.67,
        "sga_ratio": 81.46
      },
      {
        "fiscal_year": "2020/03",
        "sales": 264600.0,
        "operating_profit": 11200.0,
        "ordinary_profit": 15700.0,
        "net_profit": 8070.0,
        "eps": 677.0,
        "roe": 43.44,
        "roa": 4.48,
        "operating_margin": 2.34,
        "cost_ratio": 4.24,
        "sga_ratio": 80.55
      },
      {
        "fiscal_year": "2021/03",
        "sales": 222500.0,
        "operating_profit": 1700.0,
        "ordinary_profit": 9760.0,
        "net_profit": 14200.0,
        "eps": 16800.0,
        "roe": 84.4,
        "roa": 7.28,
        "operating_margin": 3.9,
        "cost_ratio": 0.76,
        "sga_ratio": 82.7
      },
      {
        "fiscal_year": "2022/03",
        "sales": 261600.0,
        "operating_profit": 20500.0,
        "ordinary_profit": 29500.0,
        "net_profit": 21200.0,
        "eps": 24100.0,
        "roe": 126.21,
        "roa": 9.81,
        "operating_margin": 5.63,
        "cost_ratio": 7.82,
        "sga_ratio": 76.64
      },
      {
        "fiscal_year": "2023/03",
        "sales": 301200.0,
        "operating_profit": 17300.0,
        "ordinary_profit": 11500.0,
        "net_profit": 8330.0,
        "eps": 13500.0,
        "roe": 49.53,
        "roa": 3.7,
        "operating_margin": 2.14,
        "cost_ratio": 5.74,
        "sga_ratio": 78.75
      },
      {
        "fiscal_year": "2024/03",
        "sales": 297100.0,
        "operating_profit": 15300.0,
        "ordinary_profit": 17800.0,
        "net_profit": 8390.0,
        "eps": 30300.0,
        "roe": 49.89,
        "roa": 3.33,
        "operating_margin": 2.02,
        "cost_ratio": 5.14,
        "sga_ratio": 79.75
      },
      {
        "fiscal_year": "2025/03",
        "sales": 310000.0,
        "operating_profit": 20000.0,
        "ordinary_profit": 21000.0,
        "net_profit": 16000.0,
        "roe": 95.13,
        "roa": 6.08,
        "operating_margin": 3.83,
        "cost_ratio": 6.45
      }
    ],
    "dividend_data": [
      {
        "fiscal_year": "2010/03",
        "total_dividend": 12.0,
        "dividend_yield": 2.57
      },
      {
        "fiscal_year": "2011/03",
        "total_dividend": 12.0,
        "dividend_yield": 2.68
      },
      {
        "fiscal_year": "2012/03",
        "total_dividend": 12.0,
        "dividend_yield": 2.18
      },
      {
        "fiscal_year": "2013/03",
        "total_dividend": 12.0,
        "dividend_yield": 2.67
      }
    ]
  },
  {
    "code": 3877,
    "name": "中越パルプ工業",
    "annual_data": [
      {
        "date": "2010/03/31",
        "per": 800.0,
        "pbr": 0.39,
        "is_per_red": false,
        "is_pbr_red": false
      },
      {
        "date": "2011/03/31",
        "per": 55.15,
        "pbr": 0.35,
        "is_per_red": false,
        "is_pbr_red": false
      },
      {
        "date": "2012/03/30",
        "per": 19.3,
        "pbr": 0.42,
        "is_per_red": false,
        "is_pbr_red": false
      },
      {
        "date": "2013/03/29",
        "per": 67.61,
        "pbr": 0.34,
        "is_per_red": false,
        "is_pbr_red": false
      },
      {
        "date": "2014/03/31",
        "per": 46.71,
        "pbr": 0.5,
        "is_per_red": false,
        "is_pbr_red": false
      },
      {
        "date": "2015/03/31",
        "per": 17.32,
        "pbr": 0.54,
        "is_per_red": false,
        "is_pbr_red": false
      },
      {
        "date": "2016/03/31",
        "per": 158.06,
        "pbr": 0.49,
        "is_per_red": false,
        "is_pbr_red": false
      },
      {
        "date": "2017/03/31",
        "per": 24.47,
        "pbr": 0.56,
        "is_per_red": false,
        "is_pbr_red": false
      },
      {
        "date": "2018/03/30",
        "per": -1,
        "pbr": 0.52,
        "is_per_red": true,
        "is_pbr_red": false
      },
      {
        "date": "2019/03/29",
        "per": 25.72,
        "pbr": 0.38,
        "is_per_red": false,
        "is_pbr_red": false
      },
      {
        "date": "2020/03/31",
        "per": 20.08,
        "pbr": 0.38,
        "is_per_red": false,
        "is_pbr_red": false
      },
      {
        "date": "2021/03/31",
        "per": -1,
        "pbr": 0.36,
        "is_per_red": true,
        "is_pbr_red": false
      },
      {
        "date": "2022/03/31",
        "per": 9.99,
        "pbr": 0.26,
        "is_per_red": false,
        "is_pbr_red": false
      },
      {
        "date": "2023/03/31",
        "per": 4.48,
        "pbr": 0.26,
        "is_per_red": false,
        "is_pbr_red": false
      },
      {
        "date": "2024/03/29",
        "per": 6.71,
        "pbr": 0.45,
        "is_per_red": false,
        "is_pbr_red": false
      }
    ],
    "daily_data": [],
    "financial_data": [
      {
        "fiscal_year": "2008/03",
        "sales": 113300.0,
        "operating_profit": 3370.0000000000005,
        "ordinary_profit": 2820.0,
        "net_profit": 1250.0,
        "roa": 2.45,
        "operating_margin": 0.85,
        "cost_ratio": 2.97,
        "sga_ratio": 79.97
      },
      {
        "fiscal_year": "2009/03",
        "sales": 110200.0,
        "operating_profit": 2960.0,
        "ordinary_profit": 1820.0,
        "net_profit": 632.0,
        "roa": 1.25,
        "operating_margin": 0.43,
        "cost_ratio": 2.69,
        "sga_ratio": 80.43
      },
      {
        "fiscal_year": "2010/03",
        "sales": 100400.0,
        "operating_profit": 2420.0,
        "ordinary_profit": 1739.9999999999998,
        "net_profit": 24.0,
        "roe": 0.21,
        "roa": 0.05,
        "operating_margin": 0.02,
        "cost_ratio": 2.41,
        "sga_ratio": 79.91
      },
      {
        "fiscal_year": "2011/03",
        "sales": 103800.0,
        "operating_profit": 2130.0,
        "ordinary_profit": 1700.0,
        "net_profit": 317.0,
        "eps": 118.0,
        "roe": 2.72,
        "roa": 0.64,
        "operating_margin": 0.23,
        "cost_ratio": 2.05,
        "sga_ratio": 80.58
      },
      {
        "fiscal_year": "2012/03",
        "sales": 100600.0,
        "operating_profit": 3670.0000000000005,
        "ordinary_profit": 3520.0000000000005,
        "net_profit": 1100.0,
        "eps": 1120.0,
        "roe": 9.43,
        "roa": 2.19,
        "operating_margin": 0.83,
        "cost_ratio": 3.65,
        "sga_ratio": 79.5
      },
      {
        "fiscal_year": "2013/03",
        "sales": 90500.0,
        "operating_profit": 258.0,
        "ordinary_profit": 380.0,
        "net_profit": 249.00000000000003,
        "eps": 434.0,
        "roe": 2.13,
        "roa": 0.5,
        "operating_margin": 0.19,
        "cost_ratio": 0.29,
        "sga_ratio": 81.48
      },
      {
        "fiscal_year": "2014/03",
        "sales": 99700.0,
        "operating_profit": 3030.0,
        "ordinary_profit": 2940.0,
        "net_profit": 531.0,
        "eps": 732.0,
        "roe": 4.56,
        "roa": 1.06,
        "operating_margin": 0.4,
        "cost_ratio": 3.03,
        "sga_ratio": 80.07
      },
      {
        "fiscal_year": "2015/03",
        "sales": 101100.0,
        "operating_profit": 1630.0,
        "ordinary_profit": 1750.0,
        "net_profit": 1610.0000000000002,
        "eps": 1850.0,
        "roe": 13.8,
        "roa": 3.15,
        "operating_margin": 1.23,
        "cost_ratio": 1.61,
        "sga_ratio": 81.44
      },
      {
        "fiscal_year": "2016/03",
        "sales": 99900.0,
        "operating_profit": 1410.0,
        "ordinary_profit": 1320.0,
        "net_profit": 162.0,
        "eps": -487.0,
        "roe": 1.24,
        "roa": 0.3,
        "operating_margin": 0.12,
        "cost_ratio": 1.41,
        "sga_ratio": 81.76
      },
      {
        "fiscal_year": "2017/03",
        "sales": 93900.0,
        "operating_profit": 1490.0,
        "ordinary_profit": 1400.0,
        "net_profit": 1260.0,
        "eps": 1970.0,
        "roe": 9.4,
        "roa": 2.29,
        "operating_margin": 0.96,
        "cost_ratio": 1.59,
        "sga_ratio": 80.69
      },
      {
        "fiscal_year": "2018/03",
        "sales": 94800.0,
        "operating_profit": -1240.0,
        "ordinary_profit": -1290.0,
        "net_profit": -5210.0,
        "eps": -4960.0,
        "roe": -389.89,
        "roa": -1,
        "operating_margin": -1,
        "cost_ratio": -1.31,
        "sga_ratio": 83.83
      },
      {
        "fiscal_year": "2019/03",
        "sales": 96700.0,
        "operating_profit": -397.0,
        "ordinary_profit": 121.0,
        "net_profit": 721.0,
        "eps": -195.0,
        "roe": 54.0,
        "roa": 1.49,
        "operating_margin": 0.58,
        "cost_ratio": -0.41,
        "sga_ratio": 84.05
      },
      {
        "fiscal_year": "2020/03",
        "sales": 95100.0,
        "operating_profit": 2060.0,
        "ordinary_profit": 1989.9999999999998,
        "net_profit": 919.0,
        "eps": 671.0,
        "roe": 68.83,
        "roa": 1.9,
        "operating_margin": 0.76,
        "cost_ratio": 2.16,
        "sga_ratio": 81.5
      },
      {
        "fiscal_year": "2021/03",
        "sales": 81900.0,
        "operating_profit": -347.0,
        "ordinary_profit": -319.0,
        "net_profit": -1050.0,
        "eps": -674.0,
        "roe": -78.8,
        "roa": -1,
        "operating_margin": -1,
        "cost_ratio": -0.42,
        "sga_ratio": 83.14
      },
      {
        "fiscal_year": "2022/03",
        "sales": 90100.0,
        "operating_profit": 2350.0,
        "ordinary_profit": 3080.0,
        "net_profit": 1270.0,
        "eps": 1460.0,
        "roe": 94.98,
        "roa": 2.61,
        "operating_margin": 1.04,
        "cost_ratio": 2.61,
        "sga_ratio": 84.61
      },
      {
        "fiscal_year": "2023/03",
        "sales": 105700.0,
        "operating_profit": 2590.0,
        "ordinary_profit": 3400.0,
        "net_profit": 3050.0,
        "eps": 3950.0,
        "roe": 228.99,
        "roa": 5.91,
        "operating_margin": 2.48,
        "cost_ratio": 2.45,
        "sga_ratio": 86.17
      },
      {
        "fiscal_year": "2024/03",
        "sales": 107800.0,
        "operating_profit": 6170.0,
        "ordinary_profit": 6820.0,
        "net_profit": 3700.0,
        "eps": 4750.0,
        "roe": 285.79,
        "roa": 6.66,
        "operating_margin": 2.87,
        "cost_ratio": 5.72,
        "sga_ratio": 83.67
      },
      {
        "fiscal_year": "2025/03",
        "sales": 112000.0,
        "operating_profit": 5000.0,
        "ordinary_profit": 5100.0,
        "net_profit": 3400.0,
        "roe": 262.56,
        "roa": 5.88,
        "operating_margin": 2.74,
        "cost_ratio": 4.46
      }
    ],
    "dividend_data": [
      {
        "fiscal_year": "2010/03",
        "total_dividend": 6.0,
        "dividend_yield": 3.57
      },
      {
        "fiscal_year": "2011/03",
        "total_dividend": 6.0,
        "dividend_yield": 4.0
      },
      {
        "fiscal_year": "2012/03",
        "total_dividend": 6.0,
        "dividend_yield": 3.3
      },
      {
        "fiscal_year": "2013/03",
        "total_dividend": 4.0,
        "dividend_yield": 2.78
      }
    ]
  },
  {
    "code": 3880,
    "name": "大王製紙",
    "annual_data": [
      {
        "date": "2010/03/31",
        "per": 41.57,
        "pbr": 0.93,
        "is_per_red": false,
        "is_pbr_red": false
      },
      {
        "date": "2011/03/31",
        "per": -1,
        "pbr": 0.96,
        "is_per_red": true,
        "is_pbr_red": false
      },
      {
        "date": "2012/03/30",
        "per": -1,
        "pbr": 0.77,
        "is_per_red": true,
        "is_pbr_red": false
      },
      {
        "date": "2013/03/29",
        "per": 4.93,
        "pbr": 0.77,
        "is_per_red": false,
        "is_pbr_red": false
      },
      {
        "date": "2014/03/31",
        "per": 24.05,
        "pbr": 1.42,
        "is_per_red": false,
        "is_pbr_red": false
      },
      {
        "date": "2015/03/31",
        "per": 11.02,
        "pbr": 0.97,
        "is_per_red": false,
        "is_pbr_red": false
      },
      {
        "date": "2016/03/31",
        "per": 9.48,
        "pbr": 0.85,
        "is_per_red": false,
        "is_pbr_red": false
      },
      {
        "date": "2017/03/31",
        "per": 17.09,
        "pbr": 1.17,
        "is_per_red": false,
        "is_pbr_red": false
      },
      {
        "date": "2018/03/30",
        "per": 55.07,
        "pbr": 1.23,
        "is_per_red": false,
        "is_pbr_red": false
      },
      {
        "date": "2019/03/29",
        "per": 42.81,
        "pbr": 1.1,
        "is_per_red": false,
        "is_pbr_red": false
      },
      {
        "date": "2020/03/31",
        "per": 11.36,
        "pbr": 1.1,
        "is_per_red": false,
        "is_pbr_red": false
      },
      {
        "date": "2021/03/31",
        "per": 13.69,
        "pbr": 1.32,
        "is_per_red": false,
        "is_pbr_red": false
      },
      {
        "date": "2022/03/31",
        "per": 11.08,
        "pbr": 1.01,
        "is_per_red": false,
        "is_pbr_red": false
      },
      {
        "date": "2023/03/31",
        "per": -1,
        "pbr": 0.73,
        "is_per_red": true,
        "is_pbr_red": false
      },
      {
        "date": "2024/03/29",
        "per": 42.88,
        "pbr": 0.78,
        "is_per_red": false,
        "is_pbr_red": false
      }
    ],
    "daily_data": [],
    "financial_data": [
      {
        "fiscal_year": "2008/03",
        "sales": 455800.0,
        "operating_profit": 22300.0,
        "ordinary_profit": 15000.0,
        "net_profit": 5460.0,
        "roa": 4.87,
        "operating_margin": 0.78,
        "cost_ratio": 4.9,
        "sga_ratio": 78.48
      },
      {
        "fiscal_year": "2009/03",
        "sales": 465800.0,
        "operating_profit": 18600.0,
        "ordinary_profit": 11200.0,
        "net_profit": 356.0,
        "roa": 0.34,
        "operating_margin": 0.05,
        "cost_ratio": 3.99,
        "sga_ratio": 79.68
      },
      {
        "fiscal_year": "2010/03",
        "sales": 423100.0,
        "operating_profit": 23200.0,
        "ordinary_profit": 14200.0,
        "net_profit": 2380.0,
        "roe": 18.45,
        "roa": 2.24,
        "operating_margin": 0.34,
        "cost_ratio": 5.48,
        "sga_ratio": 78.02
      },
      {
        "fiscal_year": "2011/03",
        "sales": 410200.0,
        "operating_profit": 13400.0,
        "ordinary_profit": 5670.0,
        "net_profit": -18200.0,
        "eps": -16500.0,
        "roe": -141.33,
        "roa": -1,
        "operating_margin": -1,
        "cost_ratio": 3.26,
        "sga_ratio": 79.82
      },
      {
        "fiscal_year": "2012/03",
        "sales": 409000.0,
        "operating_profit": 10500.0,
        "ordinary_profit": 4750.0,
        "net_profit": -5320.0,
        "eps": -3250.0,
        "roe": -41.24,
        "roa": -1,
        "operating_margin": -1,
        "cost_ratio": 2.56,
        "sga_ratio": 81.72
      },
      {
        "fiscal_year": "2013/03",
        "sales": 407400.0,
        "operating_profit": 11600.0,
        "ordinary_profit": 6640.000000000001,
        "net_profit": 15100.0,
        "eps": 22100.0,
        "roe": 117.11,
        "roa": 15.57,
        "operating_margin": 2.29,
        "cost_ratio": 2.84,
        "sga_ratio": 79.86
      },
      {
        "fiscal_year": "2014/03",
        "sales": 430100.0,
        "operating_profit": 16000.0,
        "ordinary_profit": 11300.0,
        "net_profit": 6290.0,
        "eps": 11800.0,
        "roe": 51.52,
        "roa": 5.73,
        "operating_margin": 0.97,
        "cost_ratio": 3.73,
        "sga_ratio": 77.69
      },
      {
        "fiscal_year": "2015/03",
        "sales": 450200.0,
        "operating_profit": 21800.0,
        "ordinary_profit": 21800.0,
        "net_profit": 13200.0,
        "eps": 27900.0,
        "roe": 93.49,
        "roa": 8.55,
        "operating_margin": 2.02,
        "cost_ratio": 4.84,
        "sga_ratio": 76.46
      },
      {
        "fiscal_year": "2016/03",
        "sales": 474100.0,
        "operating_profit": 24300.0,
        "ordinary_profit": 21300.0,
        "net_profit": 14600.0,
        "eps": 9600.0,
        "roe": 100.14,
        "roa": 8.95,
        "operating_margin": 2.22,
        "cost_ratio": 5.13,
        "sga_ratio": 75.92
      },
      {
        "fiscal_year": "2017/03",
        "sales": 477100.0,
        "operating_profit": 23500.0,
        "ordinary_profit": 21300.0,
        "net_profit": 12100.0,
        "eps": 14900.0,
        "roe": 83.28,
        "roa": 6.87,
        "operating_margin": 1.85,
        "cost_ratio": 4.93,
        "sga_ratio": 75.03
      },
      {
        "fiscal_year": "2018/03",
        "sales": 531300.0,
        "operating_profit": 11100.0,
        "ordinary_profit": 12800.0,
        "net_profit": 3970.0000000000005,
        "eps": 2730.0,
        "roe": 27.24,
        "roa": 2.23,
        "operating_margin": 0.58,
        "cost_ratio": 2.08,
        "sga_ratio": 77.16
      },
      {
        "fiscal_year": "2019/03",
        "sales": 533900.0,
        "operating_profit": 12100.0,
        "ordinary_profit": 9840.0,
        "net_profit": 4700.0,
        "eps": 1580.0,
        "roe": 31.7,
        "roa": 2.53,
        "operating_margin": 0.63,
        "cost_ratio": 2.27,
        "sga_ratio": 78.2
      },
      {
        "fiscal_year": "2020/03",
        "sales": 546400.0,
        "operating_profit": 30600.0,
        "ordinary_profit": 28100.0,
        "net_profit": 19200.0,
        "eps": 13500.0,
        "roe": 127.91,
        "roa": 9.64,
        "operating_margin": 2.52,
        "cost_ratio": 5.61,
        "sga_ratio": 74.32
      },
      {
        "fiscal_year": "2021/03",
        "sales": 562900.0,
        "operating_profit": 36900.0,
        "ordinary_profit": 34500.0,
        "net_profit": 22100.0,
        "eps": 20000.0,
        "roe": 138.73,
        "roa": 9.24,
        "operating_margin": 2.6,
        "cost_ratio": 6.55,
        "sga_ratio": 71.65
      },
      {
        "fiscal_year": "2022/03",
        "sales": 612300.0,
        "operating_profit": 37600.0,
        "ordinary_profit": 37700.0,
        "net_profit": 23700.0,
        "eps": 25100.0,
        "roe": 142.91,
        "roa": 9.16,
        "operating_margin": 2.82,
        "cost_ratio": 6.14,
        "sga_ratio": 73.6
      },
      {
        "fiscal_year": "2023/03",
        "sales": 646200.0,
        "operating_profit": -21400.0,
        "ordinary_profit": -24100.0,
        "net_profit": -34700.0,
        "eps": -18800.0,
        "roe": -209.01,
        "roa": -1,
        "operating_margin": -1,
        "cost_ratio": -3.32,
        "sga_ratio": 82.95
      },
      {
        "fiscal_year": "2024/03",
        "sales": 671700.0,
        "operating_profit": 14400.0,
        "ordinary_profit": 9620.0,
        "net_profit": 4470.0,
        "eps": 18600.0,
        "roe": 26.89,
        "roa": 1.81,
        "operating_margin": 0.48,
        "cost_ratio": 2.14,
        "sga_ratio": 78.68
      },
      {
        "fiscal_year": "2025/03",
        "sales": 680000.0,
        "operating_profit": 11500.0,
        "ordinary_profit": 5000.0,
        "net_profit": 0.0,
        "roe": 0.0,
        "roa": 0.0,
        "operating_margin": 0.0,
        "cost_ratio": 1.69
      }
    ],
    "dividend_data": [
      {
        "fiscal_year": "2010/03",
        "total_dividend": 8.5,
        "dividend_yield": 1.11
      },
      {
        "fiscal_year": "2011/03",
        "total_dividend": 8.5,
        "dividend_yield": 1.33
      },
      {
        "fiscal_year": "2012/03",
        "total_dividend": 8.5,
        "dividend_yield": 1.72
      },
      {
        "fiscal_year": "2013/03",
        "total_dividend": 8.5,
        "dividend_yield": 1.47
      }
    ]
  },
  {
    "code": 3891,
    "name": "ニッポン高度紙工業",
    "annual_data": [
      {
        "date": "2010/03/31",
        "per": 20.85,
        "pbr": 0.8,
        "is_per_red": false,
        "is_pbr_red": false
      },
      {
        "date": "2011/03/31",
        "per": 16.44,
        "pbr": 1.69,
        "is_per_red": false,
        "is_pbr_red": false
      },
      {
        "date": "2012/03/30",
        "per": 44.57,
        "pbr": 1.03,
        "is_per_red": false,
        "is_pbr_red": false
      },
      {
        "date": "2013/03/29",
        "per": -1,
        "pbr": 0.65,
        "is_per_red": true,
        "is_pbr_red": false
      },
      {
        "date": "2014/03/31",
        "per": 49.89,
        "pbr": 0.9,
        "is_per_red": false,
        "is_pbr_red": false
      },
      {
        "date": "2015/03/31",
        "per": 28.07,
        "pbr": 0.91,
        "is_per_red": false,
        "is_pbr_red": false
      },
      {
        "date": "2016/03/31",
        "per": 163.65,
        "pbr": 0.7,
        "is_per_red": false,
        "is_pbr_red": false
      },
      {
        "date": "2017/03/31",
        "per": -1,
        "pbr": 0.86,
        "is_per_red": true,
        "is_pbr_red": false
      },
      {
        "date": "2018/03/30",
        "per": 74.94,
        "pbr": 2.49,
        "is_per_red": false,
        "is_pbr_red": false
      },
      {
        "date": "2019/03/29",
        "per": 10.83,
        "pbr": 1.14,
        "is_per_red": false,
        "is_pbr_red": false
      },
      {
        "date": "2020/03/31",
        "per": 13.99,
        "pbr": 0.66,
        "is_per_red": false,
        "is_pbr_red": false
      },
      {
        "date": "2021/03/31",
        "per": 16.68,
        "pbr": 2.02,
        "is_per_red": false,
        "is_pbr_red": false
      },
      {
        "date": "2022/03/31",
        "per": 8.21,
        "pbr": 1.24,
        "is_per_red": false,
        "is_pbr_red": false
      },
      {
        "date": "2023/03/31",
        "per": 8.6,
        "pbr": 0.98,
        "is_per_red": false,
        "is_pbr_red": false
      },
      {
        "date": "2024/03/29",
        "per": 13.34,
        "pbr": 0.88,
        "is_per_red": false,
        "is_pbr_red": false
      }
    ],
    "daily_data": [],
    "financial_data": [
      {
        "fiscal_year": "2008/03",
        "sales": 17100.0,
        "operating_profit": 1310.0,
        "ordinary_profit": 1150.0,
        "net_profit": 700.0,
        "roa": 5.36,
        "operating_margin": 3.23,
        "cost_ratio": 7.63,
        "sga_ratio": 76.17
      },
      {
        "fiscal_year": "2009/03",
        "sales": 12600.0,
        "operating_profit": -498.00000000000006,
        "ordinary_profit": -554.0,
        "net_profit": -587.0,
        "roa": -1,
        "operating_margin": -1,
        "cost_ratio": -3.94,
        "sga_ratio": 85.12
      },
      {
        "fiscal_year": "2010/03",
        "sales": 13400.0,
        "operating_profit": 1200.0,
        "ordinary_profit": 1210.0,
        "net_profit": 478.0,
        "roe": 43.64,
        "roa": 3.84,
        "operating_margin": 2.46,
        "cost_ratio": 8.95,
        "sga_ratio": 78.07
      },
      {
        "fiscal_year": "2011/03",
        "sales": 14700.0,
        "operating_profit": 2260.0,
        "ordinary_profit": 2290.0,
        "net_profit": 1400.0,
        "eps": 1350.0,
        "roe": 127.75,
        "roa": 10.27,
        "operating_margin": 6.78,
        "cost_ratio": 15.36,
        "sga_ratio": 71.81
      },
      {
        "fiscal_year": "2012/03",
        "sales": 12200.0,
        "operating_profit": 693.0,
        "ordinary_profit": 693.0,
        "net_profit": 318.0,
        "eps": 286.0,
        "roe": 29.01,
        "roa": 2.32,
        "operating_margin": 1.25,
        "cost_ratio": 5.66,
        "sga_ratio": 79.82
      },
      {
        "fiscal_year": "2013/03",
        "sales": 10500.0,
        "operating_profit": -264.0,
        "ordinary_profit": -194.0,
        "net_profit": -220.00000000000003,
        "eps": -144.0,
        "roe": -20.05,
        "roa": -1,
        "operating_margin": -1,
        "cost_ratio": -2.53,
        "sga_ratio": 86.85
      },
      {
        "fiscal_year": "2014/03",
        "sales": 12500.0,
        "operating_profit": 364.0,
        "ordinary_profit": 520.0,
        "net_profit": 241.0,
        "eps": 394.0,
        "roe": 22.39,
        "roa": 1.81,
        "operating_margin": 0.98,
        "cost_ratio": 2.91,
        "sga_ratio": 83.71
      },
      {
        "fiscal_year": "2015/03",
        "sales": 12900.0,
        "operating_profit": 548.0,
        "ordinary_profit": 757.0,
        "net_profit": 444.00000000000006,
        "eps": 635.0,
        "roe": 41.25,
        "roa": 3.23,
        "operating_margin": 1.89,
        "cost_ratio": 4.24,
        "sga_ratio": 82.38
      },
      {
        "fiscal_year": "2016/03",
        "sales": 11600.0,
        "operating_profit": 97.0,
        "ordinary_profit": 130.0,
        "net_profit": 56.00000000000001,
        "eps": -396.0,
        "roe": 5.2,
        "roa": 0.43,
        "operating_margin": 0.23,
        "cost_ratio": 0.83,
        "sga_ratio": 83.8
      },
      {
        "fiscal_year": "2017/03",
        "sales": 15100.0,
        "operating_profit": 505.99999999999994,
        "ordinary_profit": 344.0,
        "net_profit": -454.0,
        "eps": -493.0,
        "roe": -42.21,
        "roa": -1,
        "operating_margin": -1,
        "cost_ratio": 3.35,
        "sga_ratio": 81.74
      },
      {
        "fiscal_year": "2018/03",
        "sales": 17100.0,
        "operating_profit": 1700.0,
        "ordinary_profit": 1560.0,
        "net_profit": 426.99999999999994,
        "eps": 577.0,
        "roe": 39.66,
        "roa": 3.32,
        "operating_margin": 1.86,
        "cost_ratio": 9.92,
        "sga_ratio": 75.84
      },
      {
        "fiscal_year": "2019/03",
        "sales": 14400.0,
        "operating_profit": 1350.0,
        "ordinary_profit": 1310.0,
        "net_profit": 1500.0,
        "eps": 1600.0,
        "roe": 139.0,
        "roa": 10.49,
        "operating_margin": 6.65,
        "cost_ratio": 9.37,
        "sga_ratio": 77.11
      },
      {
        "fiscal_year": "2020/03",
        "sales": 13100.0,
        "operating_profit": 994.9999999999999,
        "ordinary_profit": 971.0000000000001,
        "net_profit": 691.0,
        "eps": 673.0,
        "roe": 64.27,
        "roa": 4.7,
        "operating_margin": 3.1,
        "cost_ratio": 7.6,
        "sga_ratio": 79.16
      },
      {
        "fiscal_year": "2021/03",
        "sales": 15900.0,
        "operating_profit": 2760.0,
        "ordinary_profit": 2800.0,
        "net_profit": 2010.0000000000002,
        "eps": 2110.0,
        "roe": 186.5,
        "roa": 12.08,
        "operating_margin": 8.02,
        "cost_ratio": 17.35,
        "sga_ratio": 71.13
      },
      {
        "fiscal_year": "2022/03",
        "sales": 18100.0,
        "operating_profit": 4070.0000000000005,
        "ordinary_profit": 4230.0,
        "net_profit": 2920.0,
        "eps": 3000.0,
        "roe": 271.26,
        "roa": 15.1,
        "operating_margin": 11.16,
        "cost_ratio": 22.5,
        "sga_ratio": 65.97
      },
      {
        "fiscal_year": "2023/03",
        "sales": 17600.0,
        "operating_profit": 3329.9999999999995,
        "ordinary_profit": 3529.9999999999995,
        "net_profit": 2470.0,
        "eps": 2540.0,
        "roe": 229.2,
        "roa": 11.44,
        "operating_margin": 8.06,
        "cost_ratio": 18.92,
        "sga_ratio": 68.55
      },
      {
        "fiscal_year": "2024/03",
        "sales": 14800.0,
        "operating_profit": 1720.0,
        "ordinary_profit": 2020.0,
        "net_profit": 1480.0,
        "eps": 1720.0,
        "roe": 138.96,
        "roa": 6.61,
        "operating_margin": 4.35,
        "cost_ratio": 11.59,
        "sga_ratio": 75.37
      },
      {
        "fiscal_year": "2025/03",
        "sales": 16500.0,
        "operating_profit": 3000.0,
        "ordinary_profit": 3000.0,
        "net_profit": 2100.0,
        "roe": 197.36,
        "roa": 8.97,
        "operating_margin": 5.79,
        "cost_ratio": 18.18
      }
    ],
    "dividend_data": [
      {
        "fiscal_year": "2010/03",
        "total_dividend": 13.0,
        "dividend_yield": 1.43
      },
      {
        "fiscal_year": "2011/03",
        "total_dividend": 18.0,
        "dividend_yield": 0.86
      },
      {
        "fiscal_year": "2012/03",
        "total_dividend": 18.0,
        "dividend_yield": 1.39
      },
      {
        "fiscal_year": "2013/03",
        "total_dividend": 18.0,
        "dividend_yield": 2.25
      }
    ]
  },
  {
    "code": 3892,
    "name": "岡山製紙",
    "annual_data": [
      {
        "date": "2010/05/28",
        "per": 3.9,
        "pbr": 0.42,
        "is_per_red": false,
        "is_pbr_red": false
      },
      {
        "date": "2011/05/31",
        "per": 5.94,
        "pbr": 0.33,
        "is_per_red": false,
        "is_pbr_red": false
      },
      {
        "date": "2012/05/31",
        "per": 9.72,
        "pbr": 0.31,
        "is_per_red": false,
        "is_pbr_red": false
      },
      {
        "date": "2013/05/31",
        "per": 7.78,
        "pbr": 0.38,
        "is_per_red": false,
        "is_pbr_red": false
      },
      {
        "date": "2014/05/30",
        "per": 17.13,
        "pbr": 0.3,
        "is_per_red": false,
        "is_pbr_red": false
      },
      {
        "date": "2015/05/29",
        "per": 37.27,
        "pbr": 0.35,
        "is_per_red": false,
        "is_pbr_red": false
      },
      {
        "date": "2016/05/31",
        "per": 13.81,
        "pbr": 0.29,
        "is_per_red": false,
        "is_pbr_red": false
      },
      {
        "date": "2017/05/30",
        "per": 44.1,
        "pbr": 0.35,
        "is_per_red": false,
        "is_pbr_red": false
      },
      {
        "date": "2018/05/31",
        "per": 94.73,
        "pbr": 0.52,
        "is_per_red": false,
        "is_pbr_red": false
      },
      {
        "date": "2019/05/31",
        "per": 6.87,
        "pbr": 0.44,
        "is_per_red": false,
        "is_pbr_red": false
      },
      {
        "date": "2020/05/29",
        "per": 5.09,
        "pbr": 0.54,
        "is_per_red": false,
        "is_pbr_red": false
      },
      {
        "date": "2021/05/31",
        "per": 7.58,
        "pbr": 0.48,
        "is_per_red": false,
        "is_pbr_red": false
      },
      {
        "date": "2022/05/31",
        "per": 7.06,
        "pbr": 0.4,
        "is_per_red": false,
        "is_pbr_red": false
      },
      {
        "date": "2023/05/31",
        "per": 8.85,
        "pbr": 0.39,
        "is_per_red": false,
        "is_pbr_red": false
      },
      {
        "date": "2024/05/31",
        "per": 5.59,
        "pbr": 0.53,
        "is_per_red": false,
        "is_pbr_red": false
      }
    ],
    "daily_data": [],
    "financial_data": [
      {
        "fiscal_year": "2008/05",
        "sales": 9170.0,
        "operating_profit": 463.0,
        "ordinary_profit": 480.0,
        "net_profit": 267.0,
        "roe": 4.39,
        "roa": 2.69,
        "operating_margin": 5.05,
        "cost_ratio": 80.11,
        "sga_ratio": 14.84
      },
      {
        "fiscal_year": "2009/05",
        "sales": 8980.0,
        "operating_profit": 603.0,
        "ordinary_profit": 639.0,
        "net_profit": 367.0,
        "roe": 5.99,
        "roa": 3.92,
        "operating_margin": 6.72,
        "cost_ratio": 78.69,
        "sga_ratio": 14.6
      },
      {
        "fiscal_year": "2010/05",
        "sales": 9060.0,
        "operating_profit": 1190.0,
        "ordinary_profit": 1220.0,
        "net_profit": 716.0,
        "eps": 102.35,
        "roe": 10.73,
        "roa": 6.95,
        "operating_margin": 13.13,
        "cost_ratio": 72.49,
        "sga_ratio": 14.38
      },
      {
        "fiscal_year": "2011/05",
        "sales": 9080.0,
        "operating_profit": 757.0,
        "ordinary_profit": 787.0,
        "net_profit": 386.0,
        "eps": 55.19,
        "roe": 5.58,
        "roa": 3.75,
        "operating_margin": 8.33,
        "cost_ratio": 77.26,
        "sga_ratio": 14.41
      },
      {
        "fiscal_year": "2012/05",
        "sales": 9160.0,
        "operating_profit": 592.0,
        "ordinary_profit": 624.0,
        "net_profit": 220.00000000000003,
        "eps": 31.38,
        "roe": 3.19,
        "roa": 2.14,
        "operating_margin": 6.46,
        "cost_ratio": 79.27,
        "sga_ratio": 14.27
      },
      {
        "fiscal_year": "2013/05",
        "sales": 8690.0,
        "operating_profit": 501.99999999999994,
        "ordinary_profit": 531.0,
        "net_profit": 362.0,
        "eps": 51.66,
        "roe": 4.87,
        "roa": 3.33,
        "operating_margin": 5.78,
        "cost_ratio": 79.79,
        "sga_ratio": 14.43
      },
      {
        "fiscal_year": "2014/05",
        "sales": 8490.0,
        "operating_profit": 198.0,
        "ordinary_profit": 235.0,
        "net_profit": 129.0,
        "eps": 21.72,
        "roe": 1.72,
        "roa": 1.16,
        "operating_margin": 2.33,
        "cost_ratio": 82.9,
        "sga_ratio": 14.77
      },
      {
        "fiscal_year": "2015/05",
        "sales": 8640.0,
        "operating_profit": 124.0,
        "ordinary_profit": 157.0,
        "net_profit": 77.0,
        "eps": 13.04,
        "roe": 0.95,
        "roa": 0.64,
        "operating_margin": 1.43,
        "cost_ratio": 83.61,
        "sga_ratio": 14.96
      },
      {
        "fiscal_year": "2016/05",
        "sales": 8440.0,
        "operating_profit": 268.0,
        "ordinary_profit": 310.0,
        "net_profit": 180.0,
        "eps": 34.25,
        "roe": 2.27,
        "roa": 1.54,
        "operating_margin": 3.18,
        "cost_ratio": 81.87,
        "sga_ratio": 14.96
      },
      {
        "fiscal_year": "2017/05",
        "sales": 8360.0,
        "operating_profit": 52.0,
        "ordinary_profit": 94.0,
        "net_profit": 64.0,
        "eps": 13.04,
        "roe": 0.8,
        "roa": 0.54,
        "operating_margin": 0.62,
        "cost_ratio": 83.34,
        "sga_ratio": 16.05
      },
      {
        "fiscal_year": "2018/05",
        "sales": 9070.0,
        "operating_profit": 35.0,
        "ordinary_profit": 79.0,
        "net_profit": 44.0,
        "eps": 8.92,
        "roe": 0.55,
        "roa": 0.36,
        "operating_margin": 0.39,
        "cost_ratio": 84.45,
        "sga_ratio": 15.16
      },
      {
        "fiscal_year": "2019/05",
        "sales": 10000.0,
        "operating_profit": 753.0,
        "ordinary_profit": 805.0000000000001,
        "net_profit": 533.0,
        "eps": 107.86,
        "roe": 6.42,
        "roa": 4.17,
        "operating_margin": 7.5,
        "cost_ratio": 78.32,
        "sga_ratio": 14.18
      },
      {
        "fiscal_year": "2020/05",
        "sales": 10000.0,
        "operating_profit": 1350.0,
        "ordinary_profit": 1410.0,
        "net_profit": 973.0,
        "eps": 196.06,
        "roe": 10.52,
        "roa": 7.16,
        "operating_margin": 13.47,
        "cost_ratio": 71.68,
        "sga_ratio": 14.86
      },
      {
        "fiscal_year": "2021/05",
        "sales": 9400.0,
        "operating_profit": 825.0,
        "ordinary_profit": 891.0,
        "net_profit": 617.0,
        "eps": 123.97,
        "roe": 6.34,
        "roa": 4.57,
        "operating_margin": 8.77,
        "cost_ratio": 75.17,
        "sga_ratio": 16.06
      },
      {
        "fiscal_year": "2022/05",
        "sales": 10100.0,
        "operating_profit": 688.0,
        "ordinary_profit": 755.0,
        "net_profit": 591.0,
        "eps": 118.51,
        "roe": 5.65,
        "roa": 3.97,
        "operating_margin": 6.82,
        "cost_ratio": 77.65,
        "sga_ratio": 15.53
      },
      {
        "fiscal_year": "2023/05",
        "sales": 10900.0,
        "operating_profit": 614.0,
        "ordinary_profit": 693.0,
        "net_profit": 495.0,
        "eps": 101.38,
        "roe": 4.7,
        "roa": 3.3,
        "operating_margin": 5.65,
        "cost_ratio": 78.89,
        "sga_ratio": 15.47
      },
      {
        "fiscal_year": "2024/05",
        "sales": 11500.0,
        "operating_profit": 1680.0,
        "ordinary_profit": 1780.0,
        "net_profit": 1160.0,
        "eps": 250.2,
        "roe": 9.46,
        "roa": 6.49,
        "operating_margin": 14.61,
        "cost_ratio": 71.18,
        "sga_ratio": 14.21
      },
      {
        "fiscal_year": "2025/05",
        "sales": 11500.0,
        "operating_profit": 1000.0,
        "ordinary_profit": 1100.0,
        "net_profit": 770.0,
        "eps": 166.33,
        "roe": 6.31,
        "roa": 4.35,
        "operating_margin": 8.7
      }
    ],
    "dividend_data": [
      {
        "fiscal_year": "2010/03",
        "total_dividend": 12.0,
        "dividend_yield": 3.01
      },
      {
        "fiscal_year": "2011/03",
        "total_dividend": 12.0,
        "dividend_yield": 3.66
      },
      {
        "fiscal_year": "2012/03",
        "total_dividend": 12.0,
        "dividend_yield": 3.93
      },
      {
        "fiscal_year": "2013/03",
        "total_dividend": 12.0,
        "dividend_yield": 2.99
      }
    ]
  },
  {
    "code": 3895,
    "name": "ハビックス",
    "annual_data": [
      {
        "date": "2010/03/31",
        "per": 6.11,
        "pbr": 0.94,
        "is_per_red": false,
        "is_pbr_red": false
      },
      {
        "date": "2011/03/31",
        "per": 8.38,
        "pbr": 0.56,
        "is_per_red": false,
        "is_pbr_red": false
      },
      {
        "date": "2012/03/28",
        "per": 11.22,
        "pbr": 0.56,
        "is_per_red": false,
        "is_pbr_red": false
      },
      {
        "date": "2013/03/28",
        "per": 10.9,
        "pbr": 0.76,
        "is_per_red": false,
        "is_pbr_red": false
      },
      {
        "date": "2014/03/28",
        "per": 8.23,
        "pbr": 0.61,
        "is_per_red": false,
        "is_pbr_red": false
      },
      {
        "date": "2015/03/31",
        "per": 11.74,
        "pbr": 0.6,
        "is_per_red": false,
        "is_pbr_red": false
      },
      {
        "date": "2016/03/31",
        "per": 8.81,
        "pbr": 0.68,
        "is_per_red": false,
        "is_pbr_red": false
      },
      {
        "date": "2017/03/31",
        "per": 10.14,
        "pbr": 1.54,
        "is_per_red": false,
        "is_pbr_red": false
      },
      {
        "date": "2018/03/30",
        "per": 9.46,
        "pbr": 1.04,
        "is_per_red": false,
        "is_pbr_red": false
      },
      {
        "date": "2019/03/29",
        "per": 12.02,
        "pbr": 0.72,
        "is_per_red": false,
        "is_pbr_red": false
      },
      {
        "date": "2020/03/31",
        "per": 9.65,
        "pbr": 0.65,
        "is_per_red": false,
        "is_pbr_red": false
      },
      {
        "date": "2021/03/31",
        "per": 8.05,
        "pbr": 0.51,
        "is_per_red": false,
        "is_pbr_red": false
      },
      {
        "date": "2022/03/31",
        "per": -1,
        "pbr": 0.46,
        "is_per_red": true,
        "is_pbr_red": false
      },
      {
        "date": "2023/03/31",
        "per": 51.04,
        "pbr": 0.44,
        "is_per_red": false,
        "is_pbr_red": false
      },
      {
        "date": "2024/03/29",
        "per": 7.52,
        "pbr": 0.75,
        "is_per_red": false,
        "is_pbr_red": false
      }
    ],
    "daily_data": [],
    "financial_data": [
      {
        "fiscal_year": "2008/03",
        "sales": 8450.0,
        "operating_profit": 238.0,
        "ordinary_profit": 249.00000000000003,
        "net_profit": 211.0,
        "roa": 5.88,
        "operating_margin": 2.77,
        "cost_ratio": 2.81,
        "sga_ratio": 83.52
      },
      {
        "fiscal_year": "2009/03",
        "sales": 9220.0,
        "operating_profit": 669.0,
        "ordinary_profit": 663.0,
        "net_profit": 262.0,
        "roa": 7.05,
        "operating_margin": 3.29,
        "cost_ratio": 7.25,
        "sga_ratio": 78.8
      },
      {
        "fiscal_year": "2010/03",
        "sales": 8650.0,
        "operating_profit": 1270.0,
        "ordinary_profit": 1260.0,
        "net_profit": 671.0,
        "roe": 82.1,
        "roa": 15.45,
        "operating_margin": 7.81,
        "cost_ratio": 14.64,
        "sga_ratio": 70.03
      },
      {
        "fiscal_year": "2011/03",
        "sales": 8340.0,
        "operating_profit": 563.0,
        "ordinary_profit": 559.0,
        "net_profit": 302.0,
        "eps": 288.0,
        "roe": 36.98,
        "roa": 6.67,
        "operating_margin": 3.72,
        "cost_ratio": 6.75,
        "sga_ratio": 77.8
      },
      {
        "fiscal_year": "2012/03",
        "sales": 8310.0,
        "operating_profit": 444.00000000000006,
        "ordinary_profit": 445.0,
        "net_profit": 233.0,
        "eps": 242.0,
        "roe": 28.52,
        "roa": 4.97,
        "operating_margin": 2.8,
        "cost_ratio": 5.34,
        "sga_ratio": 78.81
      },
      {
        "fiscal_year": "2013/03",
        "sales": 8730.0,
        "operating_profit": 647.0,
        "ordinary_profit": 613.0,
        "net_profit": 349.0,
        "eps": 377.0,
        "roe": 42.66,
        "roa": 6.99,
        "operating_margin": 3.33,
        "cost_ratio": 7.41,
        "sga_ratio": 75.92
      },
      {
        "fiscal_year": "2014/03",
        "sales": 10400.0,
        "operating_profit": 536.0,
        "ordinary_profit": 534.0,
        "net_profit": 396.0,
        "eps": 400.0,
        "roe": 50.78,
        "roa": 7.46,
        "operating_margin": 4.11,
        "cost_ratio": 5.14,
        "sga_ratio": 80.94
      },
      {
        "fiscal_year": "2015/03",
        "sales": 10900.0,
        "operating_profit": 457.0,
        "ordinary_profit": 515.0,
        "net_profit": 282.0,
        "eps": 308.0,
        "roe": 36.12,
        "roa": 5.09,
        "operating_margin": 2.29,
        "cost_ratio": 4.21,
        "sga_ratio": 82.26
      },
      {
        "fiscal_year": "2016/03",
        "sales": 11900.0,
        "operating_profit": 641.0,
        "ordinary_profit": 620.0,
        "net_profit": 455.99999999999994,
        "eps": 443.0,
        "roe": 58.46,
        "roa": 7.76,
        "operating_margin": 3.83,
        "cost_ratio": 5.39,
        "sga_ratio": 81.52
      },
      {
        "fiscal_year": "2017/03",
        "sales": 12600.0,
        "operating_profit": 1440.0,
        "ordinary_profit": 1460.0,
        "net_profit": 1040.0,
        "eps": 1060.0,
        "roe": 133.82,
        "roa": 15.22,
        "operating_margin": 7.84,
        "cost_ratio": 11.47,
        "sga_ratio": 75.22
      },
      {
        "fiscal_year": "2018/03",
        "sales": 12900.0,
        "operating_profit": 1140.0,
        "ordinary_profit": 1150.0,
        "net_profit": 834.0,
        "eps": 828.9999999999999,
        "roe": 106.83,
        "roa": 11.04,
        "operating_margin": 6.07,
        "cost_ratio": 8.89,
        "sga_ratio": 77.61
      },
      {
        "fiscal_year": "2019/03",
        "sales": 12800.0,
        "operating_profit": 685.0,
        "ordinary_profit": 695.0,
        "net_profit": 475.0,
        "eps": 487.0,
        "roe": 60.83,
        "roa": 5.99,
        "operating_margin": 3.13,
        "cost_ratio": 5.34,
        "sga_ratio": 81.85
      },
      {
        "fiscal_year": "2020/03",
        "sales": 12900.0,
        "operating_profit": 943.0,
        "ordinary_profit": 1040.0,
        "net_profit": 566.0,
        "eps": 537.0,
        "roe": 72.32,
        "roa": 6.78,
        "operating_margin": 3.66,
        "cost_ratio": 7.33,
        "sga_ratio": 78.33
      },
      {
        "fiscal_year": "2021/03",
        "sales": 10600.0,
        "operating_profit": 768.0,
        "ordinary_profit": 825.0,
        "net_profit": 562.0,
        "eps": 620.0,
        "roe": 71.51,
        "roa": 6.35,
        "operating_margin": 3.88,
        "cost_ratio": 7.21,
        "sga_ratio": 77.55
      },
      {
        "fiscal_year": "2022/03",
        "sales": 10900.0,
        "operating_profit": -62.0,
        "ordinary_profit": 9.0,
        "net_profit": -2450.0,
        "eps": -2520.0,
        "roe": -311.55,
        "roa": -1,
        "operating_margin": -1,
        "cost_ratio": -0.57,
        "sga_ratio": 86.13
      },
      {
        "fiscal_year": "2023/03",
        "sales": 12100.0,
        "operating_profit": -92.0,
        "ordinary_profit": -26.0,
        "net_profit": 52.0,
        "eps": 53.0,
        "roe": 6.74,
        "roa": 0.85,
        "operating_margin": 0.41,
        "cost_ratio": -0.76,
        "sga_ratio": 88.02
      },
      {
        "fiscal_year": "2024/03",
        "sales": 13200.0,
        "operating_profit": 755.0,
        "ordinary_profit": 882.0,
        "net_profit": 675.0,
        "eps": 695.0,
        "roe": 86.89,
        "roa": 10.02,
        "operating_margin": 5.15,
        "cost_ratio": 5.72,
        "sga_ratio": 81.22
      },
      {
        "fiscal_year": "2025/03",
        "sales": 13500.0,
        "operating_profit": 550.0,
        "ordinary_profit": 500.0,
        "net_profit": 350.0,
        "roe": 44.83,
        "roa": 5.07,
        "operating_margin": 2.81,
        "cost_ratio": 4.07
      }
    ],
    "dividend_data": [
      {
        "fiscal_year": "2010/03",
        "total_dividend": 2.59
      },
      {
        "fiscal_year": "2011/03",
        "total_dividend": 3.23
      },
      {
        "fiscal_year": "2012/03",
        "total_dividend": 3.13
      },
      {
        "fiscal_year": "2013/03",
        "total_dividend": 2.15
      }
    ]
  },
  {
    "code": 3896,
    "name": "阿波製紙",
    "annual_data": [
      {
        "date": "2013/03/29",
        "per": 8.39,
        "pbr": 0.81,
        "is_per_red": false,
        "is_pbr_red": false
      },
      {
        "date": "2014/03/31",
        "per": 8.86,
        "pbr": 0.76,
        "is_per_red": false,
        "is_pbr_red": false
      },
      {
        "date": "2015/03/31",
        "per": 7.43,
        "pbr": 0.64,
        "is_per_red": false,
        "is_pbr_red": false
      },
      {
        "date": "2016/03/31",
        "per": 22.28,
        "pbr": 1.16,
        "is_per_red": false,
        "is_pbr_red": false
      },
      {
        "date": "2017/03/31",
        "per": 12.63,
        "pbr": 1.01,
        "is_per_red": false,
        "is_pbr_red": false
      },
      {
        "date": "2018/03/30",
        "per": -1,
        "pbr": 1.27,
        "is_per_red": true,
        "is_pbr_red": false
      },
      {
        "date": "2019/03/29",
        "per": 135.07,
        "pbr": 1.04,
        "is_per_red": false,
        "is_pbr_red": false
      },
      {
        "date": "2020/03/31",
        "per": -1,
        "pbr": 0.92,
        "is_per_red": true,
        "is_pbr_red": false
      },
      {
        "date": "2021/03/31",
        "per": -1,
        "pbr": 1.09,
        "is_per_red": true,
        "is_pbr_red": false
      },
      {
        "date": "2022/03/31",
        "per": 12.0,
        "pbr": 0.76,
        "is_per_red": false,
        "is_pbr_red": false
      },
      {
        "date": "2023/03/31",
        "per": 28.66,
        "pbr": 1.42,
        "is_per_red": false,
        "is_pbr_red": false
      },
      {
        "date": "2024/03/29",
        "per": 100.76,
        "pbr": 1.04,
        "is_per_red": false,
        "is_pbr_red": false
      }
    ],
    "daily_data": [],
    "financial_data": [
      {
        "fiscal_year": "2010/03",
        "sales": 12300.0,
        "ordinary_profit": 474.0,
        "net_profit": 67.0,
        "roe": 8.15
      },
      {
        "fiscal_year": "2011/03",
        "sales": 16000.0,
        "operating_profit": 970.0,
        "ordinary_profit": 811.0,
        "net_profit": 341.0,
        "eps": 517.0,
        "roe": 41.2,
        "roa": 9.84,
        "operating_margin": 2.3,
        "cost_ratio": 6.05,
        "sga_ratio": 81.41
      },
      {
        "fiscal_year": "2012/03",
        "sales": 15800.0,
        "operating_profit": 337.0,
        "ordinary_profit": 298.0,
        "net_profit": 41.0,
        "eps": 46.0,
        "roe": 4.95,
        "roa": 1.16,
        "operating_margin": 0.27,
        "cost_ratio": 2.14,
        "sga_ratio": 85.18
      },
      {
        "fiscal_year": "2013/03",
        "sales": 15700.0,
        "operating_profit": 328.0,
        "ordinary_profit": 397.0,
        "net_profit": 443.0,
        "eps": 702.0,
        "roe": 43.52,
        "roa": 9.63,
        "operating_margin": 2.86,
        "cost_ratio": 2.08,
        "sga_ratio": 85.07
      },
      {
        "fiscal_year": "2014/03",
        "sales": 15700.0,
        "operating_profit": 253.0,
        "ordinary_profit": 581.0,
        "net_profit": 412.0,
        "eps": 596.0,
        "roe": 40.54,
        "roa": 8.55,
        "operating_margin": 2.37,
        "cost_ratio": 1.61,
        "sga_ratio": 85.23
      },
      {
        "fiscal_year": "2015/03",
        "sales": 16300.0,
        "operating_profit": 455.0,
        "ordinary_profit": 603.0,
        "net_profit": 470.0,
        "eps": 892.0,
        "roe": 46.19,
        "roa": 8.56,
        "operating_margin": 2.58,
        "cost_ratio": 2.79,
        "sga_ratio": 83.96
      },
      {
        "fiscal_year": "2016/03",
        "sales": 17000.0,
        "operating_profit": 797.0,
        "ordinary_profit": 663.0,
        "net_profit": 293.0,
        "eps": 225.0,
        "roe": 28.77,
        "roa": 5.19,
        "operating_margin": 1.7,
        "cost_ratio": 4.69,
        "sga_ratio": 82.92
      },
      {
        "fiscal_year": "2017/03",
        "sales": 16300.0,
        "operating_profit": 520.0,
        "ordinary_profit": 397.0,
        "net_profit": 484.0,
        "eps": 613.0,
        "roe": 47.66,
        "roa": 8.11,
        "operating_margin": 2.57,
        "cost_ratio": 3.19,
        "sga_ratio": 83.57
      },
      {
        "fiscal_year": "2018/03",
        "sales": 16100.0,
        "operating_profit": 416.0,
        "ordinary_profit": 332.0,
        "net_profit": -1220.0,
        "eps": -895.0,
        "roe": -122.24,
        "roa": -1,
        "operating_margin": -1,
        "cost_ratio": 2.59,
        "sga_ratio": 83.28
      },
      {
        "fiscal_year": "2019/03",
        "sales": 16200.0,
        "operating_profit": 276.0,
        "ordinary_profit": 361.0,
        "net_profit": 36.0,
        "eps": 91.0,
        "roe": 3.65,
        "roa": 0.77,
        "operating_margin": 0.22,
        "cost_ratio": 1.71,
        "sga_ratio": 83.35
      },
      {
        "fiscal_year": "2020/03",
        "sales": 15400.0,
        "operating_profit": 247.0,
        "ordinary_profit": 282.0,
        "net_profit": -34.0,
        "eps": 249.0,
        "roe": -3.37,
        "roa": -1,
        "operating_margin": -1,
        "cost_ratio": 1.61,
        "sga_ratio": 83.56
      },
      {
        "fiscal_year": "2021/03",
        "sales": 12600.0,
        "operating_profit": -154.0,
        "ordinary_profit": -115.0,
        "net_profit": -445.0,
        "eps": -482.0,
        "roe": -44.58,
        "roa": -1,
        "operating_margin": -1,
        "cost_ratio": -1.23,
        "sga_ratio": 84.95
      },
      {
        "fiscal_year": "2022/03",
        "sales": 15000.0,
        "operating_profit": 269.0,
        "ordinary_profit": 276.0,
        "net_profit": 283.0,
        "eps": 337.0,
        "roe": 28.34,
        "roa": 6.29,
        "operating_margin": 1.82,
        "cost_ratio": 1.79,
        "sga_ratio": 82.61
      },
      {
        "fiscal_year": "2023/03",
        "sales": 17300.0,
        "operating_profit": 376.0,
        "ordinary_profit": 335.0,
        "net_profit": 243.00000000000003,
        "eps": 138.0,
        "roe": 24.32,
        "roa": 4.95,
        "operating_margin": 1.49,
        "cost_ratio": 2.17,
        "sga_ratio": 84.23
      },
      {
        "fiscal_year": "2024/03",
        "sales": 16100.0,
        "operating_profit": 355.0,
        "ordinary_profit": 258.0,
        "net_profit": 52.0,
        "eps": 472.0,
        "roe": 5.26,
        "roa": 1.03,
        "operating_margin": 0.25,
        "cost_ratio": 2.2,
        "sga_ratio": 84.05
      },
      {
        "fiscal_year": "2025/03",
        "sales": 17600.0,
        "operating_profit": 270.0,
        "ordinary_profit": 330.0,
        "net_profit": 150.0,
        "roe": 15.03,
        "roa": 3.03,
        "operating_margin": 0.66,
        "cost_ratio": 1.53
      }
    ],
    "dividend_data": [
      {
        "fiscal_year": "2012/03",
        "total_dividend": 2.0
      },
      {
        "fiscal_year": "2013/03",
        "total_dividend": 12.0,
        "dividend_yield": 3.29
      },
      {
        "fiscal_year": "2025/03"
      }
    ]
  },
  {
    "code": 3941,
    "name": "レンゴー",
    "annual_data": [
      {
        "date": "2010/03/31",
        "per": 8.78,
        "pbr": 0.94,
        "is_per_red": false,
        "is_pbr_red": false
      },
      {
        "date": "2011/03/31",
        "per": 14.3,
        "pbr": 0.92,
        "is_per_red": false,
        "is_pbr_red": false
      },
      {
        "date": "2012/03/30",
        "per": 21.73,
        "pbr": 0.95,
        "is_per_red": false,
        "is_pbr_red": false
      },
      {
        "date": "2013/03/29",
        "per": 9.98,
        "pbr": 0.72,
        "is_per_red": false,
        "is_pbr_red": false
      },
      {
        "date": "2014/03/31",
        "per": 37.08,
        "pbr": 0.7,
        "is_per_red": false,
        "is_pbr_red": false
      },
      {
        "date": "2015/03/31",
        "per": 22.04,
        "pbr": 0.58,
        "is_per_red": false,
        "is_pbr_red": false
      },
      {
        "date": "2016/03/31",
        "per": 14.33,
        "pbr": 0.65,
        "is_per_red": false,
        "is_pbr_red": false
      },
      {
        "date": "2017/03/31",
        "per": 11.47,
        "pbr": 0.68,
        "is_per_red": false,
        "is_pbr_red": false
      },
      {
        "date": "2018/03/30",
        "per": 13.69,
        "pbr": 0.89,
        "is_per_red": false,
        "is_pbr_red": false
      },
      {
        "date": "2019/03/29",
        "per": 14.97,
        "pbr": 0.97,
        "is_per_red": false,
        "is_pbr_red": false
      },
      {
        "date": "2020/03/31",
        "per": 7.5,
        "pbr": 0.75,
        "is_per_red": false,
        "is_pbr_red": false
      },
      {
        "date": "2021/03/31",
        "per": 8.32,
        "pbr": 0.76,
        "is_per_red": false,
        "is_pbr_red": false
      },
      {
        "date": "2022/03/31",
        "per": 6.87,
        "pbr": 0.57,
        "is_per_red": false,
        "is_pbr_red": false
      },
      {
        "date": "2023/03/31",
        "per": 10.42,
        "pbr": 0.57,
        "is_per_red": false,
        "is_pbr_red": false
      },
      {
        "date": "2024/03/29",
        "per": 8.78,
        "pbr": 0.68,
        "is_per_red": false,
        "is_pbr_red": false
      }
    ],
    "daily_data": [],
    "financial_data": [
      {
        "fiscal_year": "2008/03",
        "sales": 440000.0,
        "operating_profit": 12800.0,
        "ordinary_profit": 11500.0,
        "net_profit": 5660.0,
        "roa": 3.98,
        "operating_margin": 1.21,
        "cost_ratio": 2.94,
        "sga_ratio": 84.79
      },
      {
        "fiscal_year": "2009/03",
        "sales": 450000.0,
        "operating_profit": 15200.0,
        "ordinary_profit": 13000.0,
        "net_profit": 7830.0,
        "roa": 5.75,
        "operating_margin": 1.71,
        "cost_ratio": 3.41,
        "sga_ratio": 84.37
      },
      {
        "fiscal_year": "2010/03",
        "sales": 460000.0,
        "operating_profit": 33700.0,
        "ordinary_profit": 31400.0,
        "net_profit": 17000.0,
        "roe": 62.67,
        "roa": 10.66,
        "operating_margin": 3.41,
        "cost_ratio": 7.37,
        "sga_ratio": 79.96
      },
      {
        "fiscal_year": "2011/03",
        "sales": 470000.0,
        "operating_profit": 32400.0,
        "ordinary_profit": 31200.0,
        "net_profit": 10300.0,
        "eps": 8520.0,
        "roe": 37.97,
        "roa": 6.46,
        "operating_margin": 2.06,
        "cost_ratio": 6.82,
        "sga_ratio": 80.65
      },
      {
        "fiscal_year": "2012/03",
        "sales": 490000.0,
        "operating_profit": 25100.0,
        "ordinary_profit": 24600.0,
        "net_profit": 7150.0,
        "eps": 7380.0,
        "roe": 26.37,
        "roa": 4.35,
        "operating_margin": 1.3,
        "cost_ratio": 5.09,
        "sga_ratio": 82.5
      },
      {
        "fiscal_year": "2013/03",
        "sales": 500000.0,
        "operating_profit": 23900.0,
        "ordinary_profit": 24200.0,
        "net_profit": 13000.0,
        "eps": 22600.0,
        "roe": 47.8,
        "roa": 7.17,
        "operating_margin": 2.26,
        "cost_ratio": 4.75,
        "sga_ratio": 82.4
      },
      {
        "fiscal_year": "2014/03",
        "sales": 520000.0,
        "operating_profit": 14200.0,
        "ordinary_profit": 15400.0,
        "net_profit": 3700.0,
        "eps": 18200.0,
        "roe": 14.94,
        "roa": 1.89,
        "operating_margin": 0.59,
        "cost_ratio": 2.72,
        "sga_ratio": 84.21
      },
      {
        "fiscal_year": "2015/03",
        "sales": 520000.0,
        "operating_profit": 5570.0,
        "ordinary_profit": 7140.000000000001,
        "net_profit": 5720.0,
        "eps": 25600.0,
        "roe": 23.09,
        "roa": 2.64,
        "operating_margin": 0.87,
        "cost_ratio": 1.07,
        "sga_ratio": 85.38
      },
      {
        "fiscal_year": "2016/03",
        "sales": 530000.0,
        "operating_profit": 15700.0,
        "ordinary_profit": 16600.0,
        "net_profit": 9820.0,
        "eps": 2630.0,
        "roe": 39.64,
        "roa": 4.55,
        "operating_margin": 1.52,
        "cost_ratio": 2.95,
        "sga_ratio": 83.61
      },
      {
        "fiscal_year": "2017/03",
        "sales": 550000.0,
        "operating_profit": 23600.0,
        "ordinary_profit": 25200.0,
        "net_profit": 13900.0,
        "eps": 19500.0,
        "roe": 56.04,
        "roa": 5.92,
        "operating_margin": 1.97,
        "cost_ratio": 4.33,
        "sga_ratio": 81.93
      },
      {
        "fiscal_year": "2018/03",
        "sales": 610000.0,
        "operating_profit": 17100.0,
        "ordinary_profit": 23200.0,
        "net_profit": 16600.0,
        "eps": 25200.0,
        "roe": 67.13,
        "roa": 6.52,
        "operating_margin": 2.22,
        "cost_ratio": 2.82,
        "sga_ratio": 83.54
      },
      {
        "fiscal_year": "2019/03",
        "sales": 650000.0,
        "operating_profit": 25300.0,
        "ordinary_profit": 27500.0,
        "net_profit": 17200.0,
        "eps": 12200.0,
        "roe": 69.32,
        "roa": 6.5,
        "operating_margin": 2.23,
        "cost_ratio": 3.87,
        "sga_ratio": 82.97
      },
      {
        "fiscal_year": "2020/03",
        "sales": 680000.0,
        "operating_profit": 41200.0,
        "ordinary_profit": 43200.0,
        "net_profit": 27800.0,
        "eps": 19400.0,
        "roe": 112.24,
        "roa": 9.99,
        "operating_margin": 3.39,
        "cost_ratio": 6.03,
        "sga_ratio": 80.63
      },
      {
        "fiscal_year": "2021/03",
        "sales": 680000.0,
        "operating_profit": 39900.0,
        "ordinary_profit": 43200.0,
        "net_profit": 28600.0,
        "eps": 41700.0,
        "roe": 115.51,
        "roa": 9.13,
        "operating_margin": 3.29,
        "cost_ratio": 5.87,
        "sga_ratio": 80.42
      },
      {
        "fiscal_year": "2022/03",
        "sales": 750000.0,
        "operating_profit": 33300.0,
        "ordinary_profit": 36600.0,
        "net_profit": 28200.0,
        "eps": 36400.0,
        "roe": 113.83,
        "roa": 8.24,
        "operating_margin": 3.02,
        "cost_ratio": 4.46,
        "sga_ratio": 81.83
      },
      {
        "fiscal_year": "2023/03",
        "sales": 850000.0,
        "operating_profit": 26000.0,
        "ordinary_profit": 28700.0,
        "net_profit": 20400.0,
        "eps": 37700.0,
        "roe": 82.47,
        "roa": 5.48,
        "operating_margin": 1.94,
        "cost_ratio": 3.07,
        "sga_ratio": 83.23
      },
      {
        "fiscal_year": "2024/03",
        "sales": 900000.0,
        "operating_profit": 48900.0,
        "ordinary_profit": 48000.0,
        "net_profit": 33000.0,
        "eps": 60400.0,
        "roe": 133.33,
        "roa": 7.77,
        "operating_margin": 2.82,
        "cost_ratio": 5.42,
        "sga_ratio": 80.53
      },
      {
        "fiscal_year": "2025/03",
        "sales": 100000.0,
        "operating_profit": 50000.0,
        "ordinary_profit": 52000.0,
        "net_profit": 35000.0,
        "roe": 141.23,
        "roa": 7.57,
        "operating_margin": 2.81,
        "cost_ratio": 5.0
      }
    ],
    "dividend_data": [
      {
        "fiscal_year": "2010/03",
        "total_dividend": 10.0,
        "dividend_yield": 1.82
      },
      {
        "fiscal_year": "2011/03",
        "total_dividend": 12.0,
        "dividend_yield": 2.21
      },
      {
        "fiscal_year": "2012/03",
        "total_dividend": 12.0,
        "dividend_yield": 2.09
      },
      {
        "fiscal_year": "2013/03",
        "total_dividend": 12.0,
        "dividend_yield": 2.52
      }
    ]
  },
  {
    "code": 3943,
    "name": "大石産業",
    "annual_data": [
      {
        "date": "2010/03/26",
        "per": 14.59,
        "pbr": 0.57,
        "is_per_red": false,
        "is_pbr_red": false
      },
      {
        "date": "2011/03/23",
        "per": 9.86,
        "pbr": 0.59,
        "is_per_red": false,
        "is_pbr_red": false
      },
      {
        "date": "2012/03/21",
        "per": 13.31,
        "pbr": 0.58,
        "is_per_red": false,
        "is_pbr_red": false
      },
      {
        "date": "2013/03/26",
        "per": 8.69,
        "pbr": 0.61,
        "is_per_red": false,
        "is_pbr_red": false
      },
      {
        "date": "2014/03/24",
        "per": 7.77,
        "pbr": 0.44,
        "is_per_red": false,
        "is_pbr_red": false
      },
      {
        "date": "2015/03/23",
        "per": 9.13,
        "pbr": 0.41,
        "is_per_red": false,
        "is_pbr_red": false
      },
      {
        "date": "2016/03/29",
        "per": 5.32,
        "pbr": 0.44,
        "is_per_red": false,
        "is_pbr_red": false
      },
      {
        "date": "2017/03/30",
        "per": 7.05,
        "pbr": 0.6,
        "is_per_red": false,
        "is_pbr_red": false
      },
      {
        "date": "2018/03/30",
        "per": 9.73,
        "pbr": 0.66,
        "is_per_red": false,
        "is_pbr_red": false
      },
      {
        "date": "2019/03/29",
        "per": 10.05,
        "pbr": 0.42,
        "is_per_red": false,
        "is_pbr_red": false
      },
      {
        "date": "2020/03/31",
        "per": 7.07,
        "pbr": 0.42,
        "is_per_red": false,
        "is_pbr_red": false
      },
      {
        "date": "2021/03/31",
        "per": 7.4,
        "pbr": 0.48,
        "is_per_red": false,
        "is_pbr_red": false
      },
      {
        "date": "2022/03/31",
        "per": 6.47,
        "pbr": 0.44,
        "is_per_red": false,
        "is_pbr_red": false
      },
      {
        "date": "2023/03/31",
        "per": 7.77,
        "pbr": 0.43,
        "is_per_red": false,
        "is_pbr_red": false
      },
      {
        "date": "2024/03/29",
        "per": 7.93,
        "pbr": 0.48,
        "is_per_red": false,
        "is_pbr_red": false
      }
    ],
    "daily_data": [],
    "financial_data": [
      {
        "fiscal_year": "2008/03",
        "sales": 18100.0,
        "operating_profit": 273.0,
        "ordinary_profit": 488.99999999999994,
        "net_profit": 191.0,
        "roa": 2.1,
        "operating_margin": 1.15,
        "cost_ratio": 1.51,
        "sga_ratio": 81.26
      },
      {
        "fiscal_year": "2009/03",
        "sales": 17400.0,
        "operating_profit": 162.0,
        "ordinary_profit": 382.0,
        "net_profit": 225.0,
        "roa": 2.58,
        "operating_margin": 1.45,
        "cost_ratio": 0.93,
        "sga_ratio": 81.8
      },
      {
        "fiscal_year": "2010/03",
        "sales": 16600.0,
        "operating_profit": 609.0,
        "ordinary_profit": 805.0000000000001,
        "net_profit": 354.0,
        "roe": 18.99,
        "roa": 3.9,
        "operating_margin": 2.23,
        "cost_ratio": 3.67,
        "sga_ratio": 79.09
      },
      {
        "fiscal_year": "2011/03",
        "sales": 16900.0,
        "operating_profit": 704.0,
        "ordinary_profit": 921.0000000000001,
        "net_profit": 562.0,
        "eps": 480.99999999999994,
        "roe": 30.13,
        "roa": 5.97,
        "operating_margin": 3.6,
        "cost_ratio": 4.17,
        "sga_ratio": 79.18
      },
      {
        "fiscal_year": "2012/03",
        "sales": 16900.0,
        "operating_profit": 612.0,
        "ordinary_profit": 847.0000000000001,
        "net_profit": 413.99999999999994,
        "eps": 330.0,
        "roe": 22.19,
        "roa": 4.33,
        "operating_margin": 2.6,
        "cost_ratio": 3.63,
        "sga_ratio": 79.45
      },
      {
        "fiscal_year": "2013/03",
        "sales": 17400.0,
        "operating_profit": 908.0,
        "ordinary_profit": 1160.0,
        "net_profit": 718.0,
        "eps": 858.0,
        "roe": 38.48,
        "roa": 7.06,
        "operating_margin": 4.31,
        "cost_ratio": 5.21,
        "sga_ratio": 78.59
      },
      {
        "fiscal_year": "2014/03",
        "sales": 18000.0,
        "operating_profit": 729.0,
        "ordinary_profit": 944.9999999999999,
        "net_profit": 601.0,
        "eps": 771.0,
        "roe": 36.74,
        "roa": 5.72,
        "operating_margin": 3.27,
        "cost_ratio": 4.04,
        "sga_ratio": 79.81
      },
      {
        "fiscal_year": "2015/03",
        "sales": 17900.0,
        "operating_profit": 574.0,
        "ordinary_profit": 798.0,
        "net_profit": 505.0,
        "eps": 772.0,
        "roe": 31.5,
        "roa": 4.47,
        "operating_margin": 2.67,
        "cost_ratio": 3.22,
        "sga_ratio": 80.67
      },
      {
        "fiscal_year": "2016/03",
        "sales": 17900.0,
        "operating_profit": 1100.0,
        "ordinary_profit": 1320.0,
        "net_profit": 964.0,
        "eps": 471.0,
        "roe": 60.08,
        "roa": 8.29,
        "operating_margin": 5.14,
        "cost_ratio": 6.15,
        "sga_ratio": 77.65
      },
      {
        "fiscal_year": "2017/03",
        "sales": 17200.0,
        "operating_profit": 1380.0,
        "ordinary_profit": 1530.0,
        "net_profit": 1080.0,
        "eps": 1160.0,
        "roe": 67.14,
        "roa": 8.56,
        "operating_margin": 5.38,
        "cost_ratio": 7.99,
        "sga_ratio": 75.02
      },
      {
        "fiscal_year": "2018/03",
        "sales": 18400.0,
        "operating_profit": 1080.0,
        "ordinary_profit": 1250.0,
        "net_profit": 906.0,
        "eps": 1100.0,
        "roe": 113.02,
        "roa": 6.73,
        "operating_margin": 4.31,
        "cost_ratio": 5.88,
        "sga_ratio": 77.84
      },
      {
        "fiscal_year": "2019/03",
        "sales": 18800.0,
        "operating_profit": 760.0,
        "ordinary_profit": 944.9999999999999,
        "net_profit": 577.0,
        "eps": 394.0,
        "roe": 72.89,
        "roa": 4.31,
        "operating_margin": 2.75,
        "cost_ratio": 4.04,
        "sga_ratio": 80.2
      },
      {
        "fiscal_year": "2020/03",
        "sales": 19100.0,
        "operating_profit": 997.0000000000001,
        "ordinary_profit": 1190.0,
        "net_profit": 827.0,
        "eps": 642.0,
        "roe": 107.12,
        "roa": 6.01,
        "operating_margin": 3.77,
        "cost_ratio": 5.21,
        "sga_ratio": 78.66
      },
      {
        "fiscal_year": "2021/03",
        "sales": 18600.0,
        "operating_profit": 1210.0,
        "ordinary_profit": 1400.0,
        "net_profit": 946.0000000000001,
        "eps": 1160.0,
        "roe": 122.56,
        "roa": 6.43,
        "operating_margin": 4.21,
        "cost_ratio": 6.52,
        "sga_ratio": 77.71
      },
      {
        "fiscal_year": "2022/03",
        "sales": 19800.0,
        "operating_profit": 1290.0,
        "ordinary_profit": 1530.0,
        "net_profit": 1060.0,
        "eps": 1220.0,
        "roe": 136.78,
        "roa": 6.73,
        "operating_margin": 4.36,
        "cost_ratio": 6.52,
        "sga_ratio": 78.17
      },
      {
        "fiscal_year": "2023/03",
        "sales": 21800.0,
        "operating_profit": 1130.0,
        "ordinary_profit": 1400.0,
        "net_profit": 902.0,
        "eps": 1060.0,
        "roe": 116.74,
        "roa": 5.47,
        "operating_margin": 3.53,
        "cost_ratio": 5.16,
        "sga_ratio": 80.72
      },
      {
        "fiscal_year": "2024/03",
        "sales": 22000.0,
        "operating_profit": 1090.0,
        "ordinary_profit": 1350.0,
        "net_profit": 1070.0,
        "eps": 1440.0,
        "roe": 137.51,
        "roa": 6.02,
        "operating_margin": 4.08,
        "cost_ratio": 4.94,
        "sga_ratio": 80.86
      },
      {
        "fiscal_year": "2025/03",
        "sales": 23500.0,
        "operating_profit": 1170.0,
        "ordinary_profit": 1400.0,
        "net_profit": 1030.0,
        "roe": 131.59,
        "roa": 5.65,
        "operating_margin": 3.91,
        "cost_ratio": 4.99
      }
    ],
    "dividend_data": [
      {
        "fiscal_year": "2010/03",
        "total_dividend": 16.0,
        "dividend_yield": 8.0
      },
      {
        "fiscal_year": "2011/03",
        "total_dividend": 17.0,
        "dividend_yield": 8.5
      },
      {
        "fiscal_year": "2012/03",
        "total_dividend": 17.0,
        "dividend_yield": 8.5
      },
      {
        "fiscal_year": "2013/03",
        "total_dividend": 17.0,
        "dividend_yield": 8.5
      }
    ]
  },
  {
    "code": 3944,
    "name": "古林紙工",
    "annual_data": [
      {
        "date": "2010/03/31",
        "per": 11.24,
        "pbr": 0.57,
        "is_per_red": false,
        "is_pbr_red": false
      },
      {
        "date": "2011/03/31",
        "per": 17.32,
        "pbr": 0.51,
        "is_per_red": false,
        "is_pbr_red": false
      },
      {
        "date": "2012/03/30",
        "per": 2106.67,
        "pbr": 0.72,
        "is_per_red": false,
        "is_pbr_red": false
      },
      {
        "date": "2013/03/29",
        "per": 11.48,
        "pbr": 0.5,
        "is_per_red": false,
        "is_pbr_red": false
      },
      {
        "date": "2014/03/31",
        "per": 9.17,
        "pbr": 0.42,
        "is_per_red": false,
        "is_pbr_red": false
      },
      {
        "date": "2015/03/31",
        "per": 16.47,
        "pbr": 0.31,
        "is_per_red": false,
        "is_pbr_red": false
      },
      {
        "date": "2016/03/31",
        "per": 6.66,
        "pbr": 0.27,
        "is_per_red": false,
        "is_pbr_red": false
      },
      {
        "date": "2017/03/31",
        "per": 5.6,
        "pbr": 0.29,
        "is_per_red": false,
        "is_pbr_red": false
      },
      {
        "date": "2018/03/30",
        "per": 7.34,
        "pbr": 0.38,
        "is_per_red": false,
        "is_pbr_red": false
      },
      {
        "date": "2019/12/30",
        "per": 6.41,
        "pbr": 0.39,
        "is_per_red": false,
        "is_pbr_red": false
      },
      {
        "date": "2020/12/30",
        "per": 240.64,
        "pbr": 0.34,
        "is_per_red": false,
        "is_pbr_red": false
      },
      {
        "date": "2021/12/30",
        "per": 17.23,
        "pbr": 0.3,
        "is_per_red": false,
        "is_pbr_red": false
      },
      {
        "date": "2022/12/29",
        "per": 6.14,
        "pbr": 0.26,
        "is_per_red": false,
        "is_pbr_red": false
      },
      {
        "date": "2023/12/29",
        "per": 5.84,
        "pbr": 0.3,
        "is_per_red": false,
        "is_pbr_red": false
      }
    ],
    "daily_data": [],
    "financial_data": [
      {
        "fiscal_year": "2008/03",
        "sales": 17100.0,
        "operating_profit": 323.0,
        "ordinary_profit": 130.0,
        "net_profit": 105.0,
        "roa": 2.1,
        "operating_margin": 0.63,
        "cost_ratio": 1.89,
        "sga_ratio": 85.33
      },
      {
        "fiscal_year": "2009/03",
        "sales": 16900.0,
        "operating_profit": 340.0,
        "ordinary_profit": 215.0,
        "net_profit": 13.0,
        "roa": 0.32,
        "operating_margin": 0.08,
        "cost_ratio": 2.01,
        "sga_ratio": 85.73
      },
      {
        "fiscal_year": "2010/03",
        "sales": 16600.0,
        "operating_profit": 622.0,
        "ordinary_profit": 497.0,
        "net_profit": 221.0,
        "roe": 12.46,
        "roa": 5.12,
        "operating_margin": 1.47,
        "cost_ratio": 3.75,
        "sga_ratio": 83.55
      },
      {
        "fiscal_year": "2011/03",
        "sales": 15500.0,
        "operating_profit": 446.0,
        "ordinary_profit": 298.0,
        "net_profit": 121.0,
        "eps": -198.0,
        "roe": 6.81,
        "roa": 2.97,
        "operating_margin": 0.84,
        "cost_ratio": 2.88,
        "sga_ratio": 83.86
      },
      {
        "fiscal_year": "2012/03",
        "sales": 15200.0,
        "operating_profit": 241.0,
        "ordinary_profit": 128.0,
        "net_profit": 1.3,
        "eps": 97.0,
        "roe": 0.07,
        "roa": 0.03,
        "operating_margin": 0.01,
        "cost_ratio": 1.59,
        "sga_ratio": 84.03
      },
      {
        "fiscal_year": "2013/03",
        "sales": 16000.0,
        "operating_profit": 516.0,
        "ordinary_profit": 399.0,
        "net_profit": 198.0,
        "eps": 861.0,
        "roe": 11.15,
        "roa": 4.38,
        "operating_margin": 1.31,
        "cost_ratio": 3.23,
        "sga_ratio": 83.09
      },
      {
        "fiscal_year": "2014/03",
        "sales": 17100.0,
        "operating_profit": 588.0,
        "ordinary_profit": 460.0,
        "net_profit": 246.0,
        "eps": 1170.0,
        "roe": 17.0,
        "roa": 4.55,
        "operating_margin": 1.55,
        "cost_ratio": 3.45,
        "sga_ratio": 83.23
      },
      {
        "fiscal_year": "2015/03",
        "sales": 16800.0,
        "operating_profit": 459.0,
        "ordinary_profit": 351.0,
        "net_profit": 137.0,
        "eps": 1900.0,
        "roe": 10.68,
        "roa": 2.07,
        "operating_margin": 0.78,
        "cost_ratio": 2.74,
        "sga_ratio": 83.63
      },
      {
        "fiscal_year": "2016/03",
        "sales": 16500.0,
        "operating_profit": 502.0,
        "ordinary_profit": 441.0,
        "net_profit": 286.0,
        "eps": 60.0,
        "roe": 24.79,
        "roa": 4.37,
        "operating_margin": 1.66,
        "cost_ratio": 3.03,
        "sga_ratio": 83.23
      },
      {
        "fiscal_year": "2017/03",
        "sales": 16300.0,
        "operating_profit": 567.0,
        "ordinary_profit": 543.0,
        "net_profit": 351.0,
        "eps": 199.0,
        "roe": 32.51,
        "roa": 5.18,
        "operating_margin": 2.08,
        "cost_ratio": 3.48,
        "sga_ratio": 82.31
      },
      {
        "fiscal_year": "2018/03",
        "sales": 16800.0,
        "operating_profit": 630.0,
        "ordinary_profit": 639.0,
        "net_profit": 409.0,
        "eps": 1130.0,
        "roe": 381.57,
        "roa": 5.24,
        "operating_margin": 2.21,
        "cost_ratio": 3.74,
        "sga_ratio": 83.04
      },
      {
        "fiscal_year": "2019/03",
        "sales": 16800.0,
        "operating_profit": 695.0,
        "ordinary_profit": 705.0,
        "net_profit": 459.0,
        "eps": 430.0,
        "roe": 425.71,
        "roa": 5.55,
        "operating_margin": 2.46,
        "cost_ratio": 4.14,
        "sga_ratio": 82.77
      },
      {
        "fiscal_year": "2019/12",
        "sales": 14700.0,
        "operating_profit": 741.0,
        "ordinary_profit": 758.0,
        "net_profit": 525.0,
        "eps": 396.0,
        "roe": 481.95,
        "roa": 6.06,
        "operating_margin": 2.81,
        "cost_ratio": 5.06,
        "sga_ratio": 82.41
      },
      {
        "fiscal_year": "2020/12",
        "sales": 16800.0,
        "operating_profit": 566.0,
        "ordinary_profit": 596.0,
        "net_profit": 12.0,
        "eps": -578.0,
        "roe": 10.68,
        "roa": 0.14,
        "operating_margin": 0.07,
        "cost_ratio": 3.37,
        "sga_ratio": 83.27
      },
      {
        "fiscal_year": "2021/12",
        "sales": 16100.0,
        "operating_profit": 170.0,
        "ordinary_profit": 185.0,
        "net_profit": 136.0,
        "eps": -329.0,
        "roe": 123.25,
        "roa": 1.75,
        "operating_margin": 0.8,
        "cost_ratio": 1.05,
        "sga_ratio": 85.06
      },
      {
        "fiscal_year": "2022/12",
        "sales": 17100.0,
        "operating_profit": 468.0,
        "ordinary_profit": 490.0,
        "net_profit": 331.0,
        "eps": 191.0,
        "roe": 299.69,
        "roa": 4.19,
        "operating_margin": 1.94,
        "cost_ratio": 2.75,
        "sga_ratio": 84.27
      },
      {
        "fiscal_year": "2023/12",
        "sales": 17900.0,
        "operating_profit": 590.0,
        "ordinary_profit": 697.0,
        "net_profit": 439.0,
        "eps": 931.0,
        "roe": 396.69,
        "roa": 5.06,
        "operating_margin": 2.31,
        "cost_ratio": 3.3,
        "sga_ratio": 83.5
      },
      {
        "fiscal_year": "2024/12",
        "sales": 17800.0,
        "operating_profit": 130.0,
        "ordinary_profit": 300.0,
        "net_profit": 180.0,
        "roe": 101.3,
        "roa": 1.94,
        "operating_margin": 0.89,
        "cost_ratio": 0.73
      }
    ],
    "dividend_data": [
      {
        "fiscal_year": "2010/03",
        "total_dividend": 5.0,
        "dividend_yield": 3.57
      },
      {
        "fiscal_year": "2011/03",
        "total_dividend": 5.0,
        "dividend_yield": 4.24
      },
      {
        "fiscal_year": "2012/03",
        "total_dividend": 5.0,
        "dividend_yield": 3.16
      },
      {
        "fiscal_year": "2013/03",
        "total_dividend": 5.0,
        "dividend_yield": 3.91
      }
    ]
  },
  {
    "code": 3945,
    "name": "スーパーバッグ",
    "annual_data": [
      {
        "date": "2010/03/31",
        "per": 6.36,
        "pbr": 0.67,
        "is_per_red": false,
        "is_pbr_red": false
      },
      {
        "date": "2011/03/31",
        "per": 8.6,
        "pbr": 0.63,
        "is_per_red": false,
        "is_pbr_red": false
      },
      {
        "date": "2012/03/30",
        "per": 101.2,
        "pbr": 0.64,
        "is_per_red": false,
        "is_pbr_red": false
      },
      {
        "date": "2013/03/29",
        "per": 25.03,
        "pbr": 0.68,
        "is_per_red": false,
        "is_pbr_red": false
      },
      {
        "date": "2014/03/31",
        "per": -1,
        "pbr": 0.74,
        "is_per_red": true,
        "is_pbr_red": false
      },
      {
        "date": "2015/03/31",
        "per": 24.47,
        "pbr": 0.73,
        "is_per_red": false,
        "is_pbr_red": false
      },
      {
        "date": "2016/03/31",
        "per": 18.8,
        "pbr": 0.72,
        "is_per_red": false,
        "is_pbr_red": false
      },
      {
        "date": "2017/03/31",
        "per": 9.55,
        "pbr": 1.27,
        "is_per_red": false,
        "is_pbr_red": false
      },
      {
        "date": "2018/03/30",
        "per": 15.38,
        "pbr": 0.74,
        "is_per_red": false,
        "is_pbr_red": false
      },
      {
        "date": "2019/03/29",
        "per": -1,
        "pbr": 0.71,
        "is_per_red": true,
        "is_pbr_red": false
      },
      {
        "date": "2020/03/31",
        "per": 5.48,
        "pbr": 0.62,
        "is_per_red": false,
        "is_pbr_red": false
      },
      {
        "date": "2021/03/31",
        "per": -1,
        "pbr": 0.6,
        "is_per_red": true,
        "is_pbr_red": false
      },
      {
        "date": "2022/03/31",
        "per": -1,
        "pbr": 0.67,
        "is_per_red": true,
        "is_pbr_red": false
      },
      {
        "date": "2023/03/31",
        "per": 4.31,
        "pbr": 0.69,
        "is_per_red": false,
        "is_pbr_red": false
      },
      {
        "date": "2024/03/29",
        "per": 4.5,
        "pbr": 0.92,
        "is_per_red": false,
        "is_pbr_red": false
      }
    ],
    "daily_data": [],
    "financial_data": [
      {
        "fiscal_year": "2008/03",
        "sales": 41800.0,
        "operating_profit": 81.0,
        "ordinary_profit": 124.0,
        "net_profit": -269.0,
        "roa": -1,
        "operating_margin": -1,
        "cost_ratio": 0.19,
        "sga_ratio": 86.28
      },
      {
        "fiscal_year": "2009/03",
        "sales": 39900.0,
        "operating_profit": 476.0,
        "ordinary_profit": 392.0,
        "net_profit": 237.0,
        "roa": 7.9,
        "operating_margin": 1.32,
        "cost_ratio": 1.19,
        "sga_ratio": 85.05
      },
      {
        "fiscal_year": "2010/03",
        "sales": 34500.0,
        "operating_profit": 704.0,
        "ordinary_profit": 647.0,
        "net_profit": 345.0,
        "roe": 20.45,
        "roa": 10.46,
        "operating_margin": 1.95,
        "cost_ratio": 2.04,
        "sga_ratio": 82.91
      },
      {
        "fiscal_year": "2011/03",
        "sales": 33300.0,
        "operating_profit": 480.99999999999994,
        "ordinary_profit": 449.0,
        "net_profit": 247.0,
        "eps": 173.0,
        "roe": 14.65,
        "roa": 7.31,
        "operating_margin": 1.42,
        "cost_ratio": 1.44,
        "sga_ratio": 83.0
      },
      {
        "fiscal_year": "2012/03",
        "sales": 33600.0,
        "operating_profit": 131.0,
        "ordinary_profit": 141.0,
        "net_profit": 21.0,
        "eps": 54.0,
        "roe": 1.25,
        "roa": 0.63,
        "operating_margin": 0.12,
        "cost_ratio": 0.39,
        "sga_ratio": 84.31
      },
      {
        "fiscal_year": "2013/03",
        "sales": 34500.0,
        "operating_profit": 22.0,
        "ordinary_profit": 57.99999999999999,
        "net_profit": 95.0,
        "eps": 264.0,
        "roe": 5.63,
        "roa": 2.72,
        "operating_margin": 0.53,
        "cost_ratio": 0.06,
        "sga_ratio": 84.9
      },
      {
        "fiscal_year": "2014/03",
        "sales": 35900.0,
        "operating_profit": -277.0,
        "ordinary_profit": -65.0,
        "net_profit": -28.0,
        "eps": 24.0,
        "roe": -1.83,
        "roa": -1,
        "operating_margin": -1,
        "cost_ratio": -0.77,
        "sga_ratio": 86.3
      },
      {
        "fiscal_year": "2015/03",
        "sales": 35300.0,
        "operating_profit": -18.0,
        "ordinary_profit": 5.0,
        "net_profit": 112.0,
        "eps": 548.0,
        "roe": 7.32,
        "roa": 3.0,
        "operating_margin": 0.61,
        "cost_ratio": -0.05,
        "sga_ratio": 86.12
      },
      {
        "fiscal_year": "2016/03",
        "sales": 35200.0,
        "operating_profit": 301.0,
        "ordinary_profit": 264.0,
        "net_profit": 140.0,
        "eps": 21.0,
        "roe": 9.15,
        "roa": 3.83,
        "operating_margin": 0.79,
        "cost_ratio": 0.86,
        "sga_ratio": 84.44
      },
      {
        "fiscal_year": "2017/03",
        "sales": 33500.0,
        "operating_profit": 918.0,
        "ordinary_profit": 800.0,
        "net_profit": 543.0,
        "eps": 541.0,
        "roe": 35.49,
        "roa": 13.27,
        "operating_margin": 3.03,
        "cost_ratio": 2.74,
        "sga_ratio": 81.75
      },
      {
        "fiscal_year": "2018/03",
        "sales": 33100.0,
        "operating_profit": 320.0,
        "ordinary_profit": 350.0,
        "net_profit": 209.0,
        "eps": 382.0,
        "roe": 136.64,
        "roa": 4.79,
        "operating_margin": 1.18,
        "cost_ratio": 0.97,
        "sga_ratio": 82.54
      },
      {
        "fiscal_year": "2019/03",
        "sales": 33000.0,
        "operating_profit": -206.0,
        "ordinary_profit": -164.0,
        "net_profit": -933.0,
        "eps": -1140.0,
        "roe": -610.13,
        "roa": -1,
        "operating_margin": -1,
        "cost_ratio": -0.62,
        "sga_ratio": 83.7
      },
      {
        "fiscal_year": "2020/03",
        "sales": 31900.0,
        "operating_profit": 476.99999999999994,
        "ordinary_profit": 476.0,
        "net_profit": 351.0,
        "eps": 80.0,
        "roe": 229.59,
        "roa": 11.32,
        "operating_margin": 2.15,
        "cost_ratio": 1.5,
        "sga_ratio": 81.21
      },
      {
        "fiscal_year": "2021/03",
        "sales": 26300.0,
        "operating_profit": -137.0,
        "ordinary_profit": -150.0,
        "net_profit": -383.0,
        "eps": -110.00000000000001,
        "roe": -250.57,
        "roa": -1,
        "operating_margin": -1,
        "cost_ratio": -0.52,
        "sga_ratio": 81.4
      },
      {
        "fiscal_year": "2022/03",
        "sales": 25100.0,
        "operating_profit": -496.0,
        "ordinary_profit": -503.0,
        "net_profit": -642.0,
        "eps": -495.0,
        "roe": -420.05,
        "roa": -1,
        "operating_margin": -1,
        "cost_ratio": -1.97,
        "sga_ratio": 83.03
      },
      {
        "fiscal_year": "2023/03",
        "sales": 25300.0,
        "operating_profit": 450.0,
        "ordinary_profit": 472.0,
        "net_profit": 473.0,
        "eps": 531.0,
        "roe": 309.5,
        "roa": 15.92,
        "operating_margin": 3.35,
        "cost_ratio": 1.78,
        "sga_ratio": 81.0
      },
      {
        "fiscal_year": "2024/03",
        "sales": 26800.0,
        "operating_profit": 1030.0,
        "ordinary_profit": 1080.0,
        "net_profit": 866.0,
        "eps": 1280.0,
        "roe": 570.76,
        "roa": 20.93,
        "operating_margin": 5.55,
        "cost_ratio": 3.85,
        "sga_ratio": 79.82
      },
      {
        "fiscal_year": "2025/03",
        "sales": 27700.0,
        "operating_profit": 1070.0,
        "ordinary_profit": 1120.0,
        "net_profit": 870.0,
        "roe": 586.57,
        "roa": 20.42,
        "operating_margin": 5.88,
        "cost_ratio": 3.86
      }
    ],
    "dividend_data": [
      {
        "fiscal_year": "2010/03",
        "total_dividend": 4.62
      },
      {
        "fiscal_year": "2011/03",
        "total_dividend": 4.76
      },
      {
        "fiscal_year": "2012/03",
        "total_dividend": 4.76
      },
      {
        "fiscal_year": "2013/03",
        "total_dividend": 4.26
      }
    ]
  },
  {
    "code": 3946,
    "name": "トーモク",
    "annual_data": [
      {
        "date": "2010/03/31",
        "per": 7.94,
        "pbr": 0.56,
        "is_per_red": false,
        "is_pbr_red": false
      },
      {
        "date": "2011/03/31",
        "per": 8.0,
        "pbr": 0.65,
        "is_per_red": false,
        "is_pbr_red": false
      },
      {
        "date": "2012/03/30",
        "per": 5.7,
        "pbr": 0.52,
        "is_per_red": false,
        "is_pbr_red": false
      },
      {
        "date": "2013/03/29",
        "per": 7.71,
        "pbr": 0.62,
        "is_per_red": false,
        "is_pbr_red": false
      },
      {
        "date": "2014/03/31",
        "per": 12.41,
        "pbr": 0.56,
        "is_per_red": false,
        "is_pbr_red": false
      },
      {
        "date": "2015/03/31",
        "per": 25.19,
        "pbr": 0.52,
        "is_per_red": false,
        "is_pbr_red": false
      },
      {
        "date": "2016/03/31",
        "per": 7.24,
        "pbr": 0.49,
        "is_per_red": false,
        "is_pbr_red": false
      },
      {
        "date": "2017/03/31",
        "per": 6.51,
        "pbr": 0.5,
        "is_per_red": false,
        "is_pbr_red": false
      },
      {
        "date": "2018/03/30",
        "per": 8.97,
        "pbr": 0.6,
        "is_per_red": false,
        "is_pbr_red": false
      },
      {
        "date": "2019/03/29",
        "per": 6.03,
        "pbr": 0.44,
        "is_per_red": false,
        "is_pbr_red": false
      },
      {
        "date": "2020/03/31",
        "per": 5.47,
        "pbr": 0.39,
        "is_per_red": false,
        "is_pbr_red": false
      },
      {
        "date": "2021/03/31",
        "per": 6.18,
        "pbr": 0.43,
        "is_per_red": false,
        "is_pbr_red": false
      },
      {
        "date": "2022/03/31",
        "per": 4.36,
        "pbr": 0.35,
        "is_per_red": false,
        "is_pbr_red": false
      },
      {
        "date": "2023/03/31",
        "per": 5.0,
        "pbr": 0.33,
        "is_per_red": false,
        "is_pbr_red": false
      },
      {
        "date": "2024/03/29",
        "per": 8.2,
        "pbr": 0.49,
        "is_per_red": false,
        "is_pbr_red": false
      }
    ],
    "daily_data": [],
    "financial_data": [
      {
        "fiscal_year": "2008/03",
        "sales": 146100.0,
        "operating_profit": 3550.0,
        "ordinary_profit": 3290.0,
        "net_profit": 1380.0,
        "roa": 4.03,
        "operating_margin": 1.26,
        "cost_ratio": 2.43,
        "sga_ratio": 82.55
      },
      {
        "fiscal_year": "2009/03",
        "sales": 146500.0,
        "operating_profit": 4970.0,
        "ordinary_profit": 4540.0,
        "net_profit": 1310.0,
        "roa": 3.86,
        "operating_margin": 1.21,
        "cost_ratio": 3.39,
        "sga_ratio": 82.0
      },
      {
        "fiscal_year": "2010/03",
        "sales": 136500.0,
        "operating_profit": 6430.0,
        "ordinary_profit": 6180.0,
        "net_profit": 2610.0,
        "roe": 26.94,
        "roa": 7.08,
        "operating_margin": 2.4,
        "cost_ratio": 4.71,
        "sga_ratio": 80.0
      },
      {
        "fiscal_year": "2011/03",
        "sales": 136400.0,
        "operating_profit": 7059.999999999999,
        "ordinary_profit": 6800.0,
        "net_profit": 3190.0,
        "eps": 2970.0,
        "roe": 33.02,
        "roa": 8.18,
        "operating_margin": 2.91,
        "cost_ratio": 5.18,
        "sga_ratio": 79.78
      },
      {
        "fiscal_year": "2012/03",
        "sales": 138800.0,
        "operating_profit": 6850.0,
        "ordinary_profit": 7120.0,
        "net_profit": 3900.0,
        "eps": 4050.0,
        "roe": 40.33,
        "roa": 9.19,
        "operating_margin": 3.47,
        "cost_ratio": 4.94,
        "sga_ratio": 80.16
      },
      {
        "fiscal_year": "2013/03",
        "sales": 145300.0,
        "operating_profit": 6759.999999999999,
        "ordinary_profit": 7170.0,
        "net_profit": 3760.0,
        "eps": 4890.0,
        "roe": 38.9,
        "roa": 8.1,
        "operating_margin": 3.26,
        "cost_ratio": 4.65,
        "sga_ratio": 80.04
      },
      {
        "fiscal_year": "2014/03",
        "sales": 150400.0,
        "operating_profit": 6770.0,
        "ordinary_profit": 7250.0,
        "net_profit": 2210.0,
        "eps": 3080.0,
        "roe": 23.61,
        "roa": 4.5,
        "operating_margin": 1.69,
        "cost_ratio": 4.5,
        "sga_ratio": 79.96
      },
      {
        "fiscal_year": "2015/03",
        "sales": 148600.0,
        "operating_profit": 3970.0000000000005,
        "ordinary_profit": 4260.0,
        "net_profit": 1050.0,
        "eps": 2600.0,
        "roe": 11.24,
        "roa": 2.07,
        "operating_margin": 0.75,
        "cost_ratio": 2.67,
        "sga_ratio": 81.99
      },
      {
        "fiscal_year": "2016/03",
        "sales": 151400.0,
        "operating_profit": 5090.0,
        "ordinary_profit": 5610.0,
        "net_profit": 3579.9999999999995,
        "eps": 2830.0,
        "roe": 38.28,
        "roa": 6.78,
        "operating_margin": 2.56,
        "cost_ratio": 3.36,
        "sga_ratio": 81.58
      },
      {
        "fiscal_year": "2017/03",
        "sales": 152200.0,
        "operating_profit": 7300.0,
        "ordinary_profit": 7870.0,
        "net_profit": 4520.0,
        "eps": 5700.0,
        "roe": 51.5,
        "roa": 8.33,
        "operating_margin": 3.31,
        "cost_ratio": 4.8,
        "sga_ratio": 80.83
      },
      {
        "fiscal_year": "2018/03",
        "sales": 161500.0,
        "operating_profit": 5880.0,
        "ordinary_profit": 5970.0,
        "net_profit": 3870.0000000000005,
        "eps": 4590.0,
        "roe": 236.72,
        "roa": 6.68,
        "operating_margin": 2.86,
        "cost_ratio": 3.64,
        "sga_ratio": 82.54
      },
      {
        "fiscal_year": "2019/03",
        "sales": 171600.0,
        "operating_profit": 5200.0,
        "ordinary_profit": 5600.0,
        "net_profit": 4460.0,
        "eps": 4440.0,
        "roe": 273.09,
        "roa": 7.24,
        "operating_margin": 3.13,
        "cost_ratio": 3.03,
        "sga_ratio": 83.83
      },
      {
        "fiscal_year": "2020/03",
        "sales": 176600.0,
        "operating_profit": 6909.999999999999,
        "ordinary_profit": 7109.999999999999,
        "net_profit": 4560.0,
        "eps": 3479.9999999999995,
        "roe": 279.1,
        "roa": 7.08,
        "operating_margin": 3.11,
        "cost_ratio": 3.91,
        "sga_ratio": 83.09
      },
      {
        "fiscal_year": "2021/03",
        "sales": 175600.0,
        "operating_profit": 7230.0,
        "ordinary_profit": 7730.0,
        "net_profit": 4890.0,
        "eps": 7070.0,
        "roe": 298.99,
        "roa": 6.91,
        "operating_margin": 2.72,
        "cost_ratio": 4.12,
        "sga_ratio": 82.65
      },
      {
        "fiscal_year": "2022/03",
        "sales": 206000.0,
        "operating_profit": 8330.0,
        "ordinary_profit": 8980.0,
        "net_profit": 5980.0,
        "eps": 5700.0,
        "roe": 364.86,
        "roa": 7.9,
        "operating_margin": 3.15,
        "cost_ratio": 4.04,
        "sga_ratio": 83.55
      },
      {
        "fiscal_year": "2023/03",
        "sales": 212800.0,
        "operating_profit": 7450.0,
        "ordinary_profit": 7980.0,
        "net_profit": 5250.0,
        "eps": 5490.0,
        "roe": 319.68,
        "roa": 6.55,
        "operating_margin": 2.69,
        "cost_ratio": 3.5,
        "sga_ratio": 84.22
      },
      {
        "fiscal_year": "2024/03",
        "sales": 211500.0,
        "operating_profit": 8059.999999999999,
        "ordinary_profit": 8610.0,
        "net_profit": 5310.0,
        "eps": 9580.0,
        "roe": 322.95,
        "roa": 5.99,
        "operating_margin": 2.49,
        "cost_ratio": 3.81,
        "sga_ratio": 83.55
      },
      {
        "fiscal_year": "2025/03",
        "sales": 226000.0,
        "operating_profit": 10300.0,
        "ordinary_profit": 10400.0,
        "net_profit": 7000.0,
        "roe": 425.09,
        "roa": 7.86,
        "operating_margin": 3.38,
        "cost_ratio": 4.56
      }
    ],
    "dividend_data": [
      {
        "fiscal_year": "2010/03",
        "total_dividend": 6.0,
        "dividend_yield": 2.8
      },
      {
        "fiscal_year": "2011/03",
        "total_dividend": 6.0,
        "dividend_yield": 2.27
      },
      {
        "fiscal_year": "2012/03",
        "total_dividend": 6.0,
        "dividend_yield": 2.61
      },
      {
        "fiscal_year": "2013/03",
        "total_dividend": 6.0,
        "dividend_yield": 2.0
      }
    ]
  },
  {
    "code": 3947,
    "name": "ダイナパック",
    "annual_data": [
      {
        "date": "2009/12/30",
        "per": -1,
        "pbr": 0.53,
        "is_per_red": true,
        "is_pbr_red": false
      },
      {
        "date": "2010/12/30",
        "per": 6.54,
        "pbr": 0.45,
        "is_per_red": false,
        "is_pbr_red": false
      },
      {
        "date": "2011/12/30",
        "per": 9.94,
        "pbr": 0.38,
        "is_per_red": false,
        "is_pbr_red": false
      },
      {
        "date": "2012/12/28",
        "per": 8.69,
        "pbr": 0.39,
        "is_per_red": false,
        "is_pbr_red": false
      },
      {
        "date": "2013/12/30",
        "per": 9.04,
        "pbr": 0.38,
        "is_per_red": false,
        "is_pbr_red": false
      },
      {
        "date": "2014/12/30",
        "per": -1,
        "pbr": 0.42,
        "is_per_red": true,
        "is_pbr_red": false
      },
      {
        "date": "2015/12/29",
        "per": 18.88,
        "pbr": 0.38,
        "is_per_red": false,
        "is_pbr_red": false
      },
      {
        "date": "2016/12/30",
        "per": 11.39,
        "pbr": 0.34,
        "is_per_red": false,
        "is_pbr_red": false
      },
      {
        "date": "2017/12/29",
        "per": 14.02,
        "pbr": 0.39,
        "is_per_red": false,
        "is_pbr_red": false
      },
      {
        "date": "2018/12/28",
        "per": -1,
        "pbr": 0.33,
        "is_per_red": true,
        "is_pbr_red": false
      },
      {
        "date": "2019/12/30",
        "per": 26.11,
        "pbr": 0.41,
        "is_per_red": false,
        "is_pbr_red": false
      },
      {
        "date": "2020/12/30",
        "per": 14.2,
        "pbr": 0.34,
        "is_per_red": false,
        "is_pbr_red": false
      },
      {
        "date": "2021/12/30",
        "per": 9.4,
        "pbr": 0.34,
        "is_per_red": false,
        "is_pbr_red": false
      },
      {
        "date": "2022/12/30",
        "per": 7.67,
        "pbr": 0.3,
        "is_per_red": false,
        "is_pbr_red": false
      },
      {
        "date": "2023/12/29",
        "per": 9.23,
        "pbr": 0.35,
        "is_per_red": false,
        "is_pbr_red": false
      }
    ],
    "daily_data": [],
    "financial_data": [
      {
        "fiscal_year": "2008/12",
        "sales": 52200.0,
        "operating_profit": 921.0000000000001,
        "ordinary_profit": 869.0,
        "net_profit": -1130.0,
        "roa": -1,
        "operating_margin": -1,
        "cost_ratio": 1.76,
        "sga_ratio": 83.87
      },
      {
        "fiscal_year": "2009/12",
        "sales": 47000.0,
        "operating_profit": 591.0,
        "ordinary_profit": 774.0,
        "net_profit": -371.0,
        "roe": -7.18,
        "roa": -1,
        "operating_margin": -1,
        "cost_ratio": 1.26,
        "sga_ratio": 84.08
      },
      {
        "fiscal_year": "2010/12",
        "sales": 46300.0,
        "operating_profit": 1470.0,
        "ordinary_profit": 1630.0,
        "net_profit": 1860.0000000000002,
        "roe": 36.1,
        "roa": 6.86,
        "operating_margin": 3.53,
        "cost_ratio": 3.17,
        "sga_ratio": 83.03
      },
      {
        "fiscal_year": "2011/12",
        "sales": 45500.0,
        "operating_profit": 1230.0,
        "ordinary_profit": 1370.0,
        "net_profit": 1070.0,
        "eps": 1080.0,
        "roe": 20.73,
        "roa": 3.84,
        "operating_margin": 2.05,
        "cost_ratio": 2.7,
        "sga_ratio": 83.14
      },
      {
        "fiscal_year": "2012/12",
        "sales": 45700.0,
        "operating_profit": 1580.0,
        "ordinary_profit": 1930.0,
        "net_profit": 1320.0,
        "eps": 2300.0,
        "roe": 25.66,
        "roa": 4.45,
        "operating_margin": 2.5,
        "cost_ratio": 3.46,
        "sga_ratio": 83.04
      },
      {
        "fiscal_year": "2013/12",
        "sales": 46500.0,
        "operating_profit": 1510.0,
        "ordinary_profit": 1789.9999999999998,
        "net_profit": 1340.0,
        "eps": 2820.0,
        "roe": 27.21,
        "roa": 4.18,
        "operating_margin": 2.42,
        "cost_ratio": 3.25,
        "sga_ratio": 82.3
      },
      {
        "fiscal_year": "2014/12",
        "sales": 46800.0,
        "operating_profit": 488.0,
        "ordinary_profit": 830.0000000000001,
        "net_profit": -231.0,
        "eps": 1150.0,
        "roe": -4.67,
        "roa": -1,
        "operating_margin": -1,
        "cost_ratio": 1.04,
        "sga_ratio": 84.29
      },
      {
        "fiscal_year": "2015/12",
        "sales": 46300.0,
        "operating_profit": 635.0,
        "ordinary_profit": 892.0,
        "net_profit": 701.0,
        "eps": 2620.0,
        "roe": 14.2,
        "roa": 1.99,
        "operating_margin": 1.17,
        "cost_ratio": 1.37,
        "sga_ratio": 83.56
      },
      {
        "fiscal_year": "2016/12",
        "sales": 46600.0,
        "operating_profit": 1019.9999999999999,
        "ordinary_profit": 1440.0,
        "net_profit": 1150.0,
        "eps": 3910.0,
        "roe": 23.27,
        "roa": 2.97,
        "operating_margin": 1.77,
        "cost_ratio": 2.19,
        "sga_ratio": 82.46
      },
      {
        "fiscal_year": "2017/12",
        "sales": 49800.0,
        "operating_profit": 304.0,
        "ordinary_profit": 655.0,
        "net_profit": 1240.0,
        "eps": 5880.0,
        "roe": 125.91,
        "roa": 2.82,
        "operating_margin": 1.74,
        "cost_ratio": 0.61,
        "sga_ratio": 84.25
      },
      {
        "fiscal_year": "2018/12",
        "sales": 53100.0,
        "operating_profit": -473.00000000000006,
        "ordinary_profit": -114.99999999999999,
        "net_profit": -858.0,
        "eps": -6950.0,
        "roe": -86.77,
        "roa": -1,
        "operating_margin": -1,
        "cost_ratio": -0.89,
        "sga_ratio": 86.01
      },
      {
        "fiscal_year": "2019/12",
        "sales": 55400.0,
        "operating_profit": 354.0,
        "ordinary_profit": 835.0,
        "net_profit": 559.0,
        "eps": -576.0,
        "roe": 56.52,
        "roa": 1.57,
        "operating_margin": 0.89,
        "cost_ratio": 0.64,
        "sga_ratio": 84.78
      },
      {
        "fiscal_year": "2020/12",
        "sales": 52300.0,
        "operating_profit": 725.0,
        "ordinary_profit": 1060.0,
        "net_profit": 934.0,
        "eps": 3970.0000000000005,
        "roe": 94.35,
        "roa": 2.39,
        "operating_margin": 1.4,
        "cost_ratio": 1.39,
        "sga_ratio": 82.86
      },
      {
        "fiscal_year": "2021/12",
        "sales": 56300.0,
        "operating_profit": 1220.0,
        "ordinary_profit": 2000.0,
        "net_profit": 1400.0,
        "eps": 449.0,
        "roe": 140.8,
        "roa": 3.57,
        "operating_margin": 2.11,
        "cost_ratio": 2.16,
        "sga_ratio": 82.9
      },
      {
        "fiscal_year": "2022/12",
        "sales": 56800.0,
        "operating_profit": 1350.0,
        "ordinary_profit": 2020.0,
        "net_profit": 1610.0000000000002,
        "eps": 1960.0000000000002,
        "roe": 162.36,
        "roa": 3.97,
        "operating_margin": 2.37,
        "cost_ratio": 2.38,
        "sga_ratio": 82.86
      },
      {
        "fiscal_year": "2023/12",
        "sales": 58000.0,
        "operating_profit": 1930.0,
        "ordinary_profit": 2360.0,
        "net_profit": 1610.0000000000002,
        "eps": 2730.0,
        "roe": 161.65,
        "roa": 3.75,
        "operating_margin": 2.2,
        "cost_ratio": 3.33,
        "sga_ratio": 81.77
      },
      {
        "fiscal_year": "2024/12",
        "sales": 62000.0,
        "operating_profit": 2100.0,
        "ordinary_profit": 2600.0,
        "net_profit": 3100.0,
        "roe": 300.31,
        "roa": 6.83,
        "operating_margin": 4.09,
        "cost_ratio": 3.39
      }
    ],
    "dividend_data": [
      {
        "fiscal_year": "2009/03",
        "total_dividend": 2.91
      },
      {
        "fiscal_year": "2010/03",
        "total_dividend": 3.39
      },
      {
        "fiscal_year": "2011/03",
        "total_dividend": 3.88
      },
      {
        "fiscal_year": "2012/03",
        "total_dividend": 3.59
      }
    ]
  },
  {
    "code": 3948,
    "name": "光ビジネスフォーム",
    "annual_data": [
      {
        "date": "2009/12/30",
        "per": 10.0,
        "pbr": 0.57,
        "is_per_red": false,
        "is_pbr_red": false
      },
      {
        "date": "2010/12/30",
        "per": 22.58,
        "pbr": 0.37,
        "is_per_red": false,
        "is_pbr_red": false
      },
      {
        "date": "2011/12/30",
        "per": 27.5,
        "pbr": 0.25,
        "is_per_red": false,
        "is_pbr_red": false
      },
      {
        "date": "2012/12/28",
        "per": 12.9,
        "pbr": 0.29,
        "is_per_red": false,
        "is_pbr_red": false
      },
      {
        "date": "2013/12/30",
        "per": 10.63,
        "pbr": 0.42,
        "is_per_red": false,
        "is_pbr_red": false
      },
      {
        "date": "2014/12/30",
        "per": 17.07,
        "pbr": 0.41,
        "is_per_red": false,
        "is_pbr_red": false
      },
      {
        "date": "2015/12/30",
        "per": 16.36,
        "pbr": 0.38,
        "is_per_red": false,
        "is_pbr_red": false
      },
      {
        "date": "2016/12/29",
        "per": 16.59,
        "pbr": 0.38,
        "is_per_red": false,
        "is_pbr_red": false
      },
      {
        "date": "2017/12/29",
        "per": -1,
        "pbr": 0.44,
        "is_per_red": true,
        "is_pbr_red": false
      },
      {
        "date": "2018/12/28",
        "per": 16.1,
        "pbr": 0.32,
        "is_per_red": false,
        "is_pbr_red": false
      },
      {
        "date": "2019/12/30",
        "per": 8.62,
        "pbr": 0.36,
        "is_per_red": false,
        "is_pbr_red": false
      },
      {
        "date": "2020/12/30",
        "per": 7.32,
        "pbr": 0.36,
        "is_per_red": false,
        "is_pbr_red": false
      },
      {
        "date": "2021/12/30",
        "per": 3.9,
        "pbr": 0.4,
        "is_per_red": false,
        "is_pbr_red": false
      },
      {
        "date": "2022/12/30",
        "per": 3.92,
        "pbr": 0.56,
        "is_per_red": false,
        "is_pbr_red": false
      },
      {
        "date": "2023/12/29",
        "per": 6.73,
        "pbr": 0.53,
        "is_per_red": false,
        "is_pbr_red": false
      }
    ],
    "daily_data": [],
    "financial_data": [
      {
        "fiscal_year": "2008/12",
        "sales": 7640.000000000001,
        "operating_profit": 1150.0,
        "ordinary_profit": 1160.0,
        "net_profit": 558.0,
        "roe": 9.06,
        "roa": 6.38,
        "operating_margin": 15.01,
        "cost_ratio": 68.67,
        "sga_ratio": 16.32
      },
      {
        "fiscal_year": "2009/12",
        "sales": 7000.0,
        "operating_profit": 650.0,
        "ordinary_profit": 657.0,
        "net_profit": 355.0,
        "eps": 60.97,
        "roe": 5.66,
        "roa": 3.98,
        "operating_margin": 9.28,
        "cost_ratio": 72.89,
        "sga_ratio": 17.83
      },
      {
        "fiscal_year": "2010/12",
        "sales": 6830.0,
        "operating_profit": 381.0,
        "ordinary_profit": 379.0,
        "net_profit": 100.0,
        "eps": 17.23,
        "roe": 1.62,
        "roa": 1.15,
        "operating_margin": 5.57,
        "cost_ratio": 76.81,
        "sga_ratio": 17.62
      },
      {
        "fiscal_year": "2011/12",
        "sales": 6750.0,
        "operating_profit": 175.0,
        "ordinary_profit": 190.0,
        "net_profit": 56.00000000000001,
        "eps": 9.71,
        "roe": 0.92,
        "roa": 0.69,
        "operating_margin": 2.59,
        "cost_ratio": 80.54,
        "sga_ratio": 16.87
      },
      {
        "fiscal_year": "2012/12",
        "sales": 6530.0,
        "operating_profit": 306.0,
        "ordinary_profit": 306.0,
        "net_profit": 140.0,
        "eps": 24.04,
        "roe": 2.22,
        "roa": 1.68,
        "operating_margin": 4.7,
        "cost_ratio": 78.41,
        "sga_ratio": 16.9
      },
      {
        "fiscal_year": "2013/12",
        "sales": 7240.000000000001,
        "operating_profit": 438.0,
        "ordinary_profit": 450.0,
        "net_profit": 265.0,
        "eps": 45.7,
        "roe": 3.94,
        "roa": 2.99,
        "operating_margin": 6.05,
        "cost_ratio": 78.23,
        "sga_ratio": 15.72
      },
      {
        "fiscal_year": "2014/12",
        "sales": 7009.999999999999,
        "operating_profit": 236.0,
        "ordinary_profit": 252.99999999999997,
        "net_profit": 160.0,
        "eps": 27.71,
        "roe": 2.39,
        "roa": 1.81,
        "operating_margin": 3.38,
        "cost_ratio": 81.4,
        "sga_ratio": 15.23
      },
      {
        "fiscal_year": "2015/12",
        "sales": 6980.0,
        "operating_profit": 216.0,
        "ordinary_profit": 210.0,
        "net_profit": 161.0,
        "eps": 27.88,
        "roe": 2.34,
        "roa": 1.74,
        "operating_margin": 3.09,
        "cost_ratio": 81.69,
        "sga_ratio": 15.23
      },
      {
        "fiscal_year": "2016/12",
        "sales": 6990.000000000001,
        "operating_profit": 216.0,
        "ordinary_profit": 222.00000000000003,
        "net_profit": 158.0,
        "eps": 27.3,
        "roe": 2.28,
        "roa": 1.73,
        "operating_margin": 3.09,
        "cost_ratio": 81.36,
        "sga_ratio": 15.55
      },
      {
        "fiscal_year": "2017/12",
        "sales": 7100.0,
        "operating_profit": 196.0,
        "ordinary_profit": 206.99999999999997,
        "net_profit": -49.0,
        "eps": -8.53,
        "roe": -1,
        "roa": -1,
        "operating_margin": 2.76,
        "cost_ratio": 80.35,
        "sga_ratio": 16.89
      },
      {
        "fiscal_year": "2018/12",
        "sales": 6880.0,
        "operating_profit": 168.0,
        "ordinary_profit": 182.0,
        "net_profit": 135.0,
        "eps": 23.36,
        "roe": 1.99,
        "roa": 1.46,
        "operating_margin": 2.44,
        "cost_ratio": 80.37,
        "sga_ratio": 17.18
      },
      {
        "fiscal_year": "2019/12",
        "sales": 7409.999999999999,
        "operating_profit": 416.0,
        "ordinary_profit": 424.0,
        "net_profit": 295.0,
        "eps": 51.07,
        "roe": 4.21,
        "roa": 3.08,
        "operating_margin": 5.62,
        "cost_ratio": 77.04,
        "sga_ratio": 17.34
      },
      {
        "fiscal_year": "2020/12",
        "sales": 7259.999999999999,
        "operating_profit": 446.0,
        "ordinary_profit": 450.0,
        "net_profit": 355.0,
        "eps": 61.32,
        "roe": 4.92,
        "roa": 3.72,
        "operating_margin": 6.14,
        "cost_ratio": 76.35,
        "sga_ratio": 17.51
      },
      {
        "fiscal_year": "2021/12",
        "sales": 9570.0,
        "operating_profit": 1200.0,
        "ordinary_profit": 1230.0,
        "net_profit": 819.0,
        "eps": 142.39,
        "roe": 10.36,
        "roa": 7.59,
        "operating_margin": 12.54,
        "cost_ratio": 73.55,
        "sga_ratio": 13.91
      },
      {
        "fiscal_year": "2022/12",
        "sales": 12000.0,
        "operating_profit": 1970.0,
        "ordinary_profit": 1980.0,
        "net_profit": 1270.0,
        "eps": 220.99,
        "roe": 14.26,
        "roa": 10.71,
        "operating_margin": 16.41,
        "cost_ratio": 71.27,
        "sga_ratio": 12.32
      },
      {
        "fiscal_year": "2023/12",
        "sales": 9880.0,
        "operating_profit": 1270.0,
        "ordinary_profit": 1310.0,
        "net_profit": 748.0,
        "eps": 132.7,
        "roe": 7.93,
        "roa": 6.58,
        "operating_margin": 12.86,
        "cost_ratio": 72.42,
        "sga_ratio": 14.72
      },
      {
        "fiscal_year": "2024/12",
        "sales": 7700.0,
        "operating_profit": 229.99999999999997,
        "ordinary_profit": 260.0,
        "net_profit": 180.0,
        "eps": 30.95,
        "roe": 1.94,
        "roa": 1.61,
        "operating_margin": 2.99
      }
    ],
    "dividend_data": [
      {
        "fiscal_year": "2009/03",
        "total_dividend": 30.0,
        "dividend_yield": 4.92
      },
      {
        "fiscal_year": "2010/03",
        "total_dividend": 15.0,
        "dividend_yield": 3.86
      },
      {
        "fiscal_year": "2011/03",
        "total_dividend": 15.0,
        "dividend_yield": 5.62
      },
      {
        "fiscal_year": "2012/03",
        "total_dividend": 15.0,
        "dividend_yield": 4.84
      }
    ]
  },
  {
    "code": 3950,
    "name": "ザ・パック",
    "annual_data": [
      {
        "date": "2009/12/30",
        "per": 8.34,
        "pbr": 0.86,
        "is_per_red": false,
        "is_pbr_red": false
      },
      {
        "date": "2010/12/30",
        "per": 9.36,
        "pbr": 0.9,
        "is_per_red": false,
        "is_pbr_red": false
      },
      {
        "date": "2011/12/30",
        "per": 8.29,
        "pbr": 0.65,
        "is_per_red": false,
        "is_pbr_red": false
      },
      {
        "date": "2012/12/28",
        "per": 9.58,
        "pbr": 0.79,
        "is_per_red": false,
        "is_pbr_red": false
      },
      {
        "date": "2013/12/30",
        "per": 11.25,
        "pbr": 0.94,
        "is_per_red": false,
        "is_pbr_red": false
      },
      {
        "date": "2014/12/30",
        "per": 10.54,
        "pbr": 1.06,
        "is_per_red": false,
        "is_pbr_red": false
      },
      {
        "date": "2015/12/30",
        "per": 14.79,
        "pbr": 1.32,
        "is_per_red": false,
        "is_pbr_red": false
      },
      {
        "date": "2016/12/30",
        "per": 11.28,
        "pbr": 1.06,
        "is_per_red": false,
        "is_pbr_red": false
      },
      {
        "date": "2017/12/29",
        "per": 13.71,
        "pbr": 1.34,
        "is_per_red": false,
        "is_pbr_red": false
      },
      {
        "date": "2018/12/28",
        "per": 12.03,
        "pbr": 1.06,
        "is_per_red": false,
        "is_pbr_red": false
      },
      {
        "date": "2019/12/30",
        "per": 16.2,
        "pbr": 1.28,
        "is_per_red": false,
        "is_pbr_red": false
      },
      {
        "date": "2020/12/30",
        "per": 22.44,
        "pbr": 0.9,
        "is_per_red": false,
        "is_pbr_red": false
      },
      {
        "date": "2021/12/30",
        "per": 18.15,
        "pbr": 0.83,
        "is_per_red": false,
        "is_pbr_red": false
      },
      {
        "date": "2022/12/30",
        "per": 11.29,
        "pbr": 0.7,
        "is_per_red": false,
        "is_pbr_red": false
      },
      {
        "date": "2023/12/29",
        "per": 11.4,
        "pbr": 0.91,
        "is_per_red": false,
        "is_pbr_red": false
      }
    ],
    "daily_data": [],
    "financial_data": [
      {
        "fiscal_year": "2008/12",
        "sales": 84100.0,
        "operating_profit": 4900.0,
        "ordinary_profit": 5110.0,
        "net_profit": 2800.0,
        "roa": 11.05,
        "operating_margin": 5.33,
        "cost_ratio": 5.82,
        "sga_ratio": 78.12
      },
      {
        "fiscal_year": "2009/12",
        "sales": 81600.0,
        "operating_profit": 5460.0,
        "ordinary_profit": 5640.0,
        "net_profit": 3060.0,
        "roe": 153.62,
        "roa": 10.28,
        "operating_margin": 5.53,
        "cost_ratio": 6.7,
        "sga_ratio": 76.62
      },
      {
        "fiscal_year": "2010/12",
        "sales": 82200.0,
        "operating_profit": 5760.0,
        "ordinary_profit": 5910.0,
        "net_profit": 3080.0,
        "roe": 154.67,
        "roa": 9.6,
        "operating_margin": 4.75,
        "cost_ratio": 7.0,
        "sga_ratio": 76.44
      },
      {
        "fiscal_year": "2011/12",
        "sales": 82600.0,
        "operating_profit": 5270.0,
        "ordinary_profit": 5430.0,
        "net_profit": 2680.0,
        "eps": 2700.0,
        "roe": 134.67,
        "roa": 7.89,
        "operating_margin": 4.24,
        "cost_ratio": 6.38,
        "sga_ratio": 76.9
      },
      {
        "fiscal_year": "2012/12",
        "sales": 84600.0,
        "operating_profit": 5040.0,
        "ordinary_profit": 5260.0,
        "net_profit": 3010.0,
        "eps": 3460.0,
        "roe": 151.21,
        "roa": 8.23,
        "operating_margin": 4.59,
        "cost_ratio": 5.96,
        "sga_ratio": 77.63
      },
      {
        "fiscal_year": "2013/12",
        "sales": 84300.0,
        "operating_profit": 5250.0,
        "ordinary_profit": 5390.0,
        "net_profit": 3300.0,
        "eps": 3929.9999999999995,
        "roe": 165.93,
        "roa": 8.36,
        "operating_margin": 5.07,
        "cost_ratio": 6.23,
        "sga_ratio": 77.41
      },
      {
        "fiscal_year": "2014/12",
        "sales": 85800.0,
        "operating_profit": 5480.0,
        "ordinary_profit": 5700.0,
        "net_profit": 4320.0,
        "eps": 4630.0,
        "roe": 217.26,
        "roa": 10.08,
        "operating_margin": 6.15,
        "cost_ratio": 6.38,
        "sga_ratio": 77.43
      },
      {
        "fiscal_year": "2015/12",
        "sales": 88000.0,
        "operating_profit": 6230.0,
        "ordinary_profit": 6470.0,
        "net_profit": 4070.0000000000005,
        "eps": 4500.0,
        "roe": 205.91,
        "roa": 8.97,
        "operating_margin": 5.56,
        "cost_ratio": 7.08,
        "sga_ratio": 77.05
      },
      {
        "fiscal_year": "2016/12",
        "sales": 89200.0,
        "operating_profit": 6480.0,
        "ordinary_profit": 6830.0,
        "net_profit": 4540.0,
        "eps": 4150.0,
        "roe": 231.45,
        "roa": 9.35,
        "operating_margin": 5.95,
        "cost_ratio": 7.27,
        "sga_ratio": 76.43
      },
      {
        "fiscal_year": "2017/12",
        "sales": 90300.0,
        "operating_profit": 7270.0,
        "ordinary_profit": 7590.000000000001,
        "net_profit": 5210.0,
        "eps": 5810.0,
        "roe": 265.51,
        "roa": 9.76,
        "operating_margin": 6.36,
        "cost_ratio": 8.05,
        "sga_ratio": 75.7
      },
      {
        "fiscal_year": "2018/12",
        "sales": 93100.0,
        "operating_profit": 6920.0,
        "ordinary_profit": 7209.999999999999,
        "net_profit": 4970.0,
        "eps": 4210.0,
        "roe": 253.2,
        "roa": 8.78,
        "operating_margin": 5.74,
        "cost_ratio": 7.44,
        "sga_ratio": 76.03
      },
      {
        "fiscal_year": "2019/12",
        "sales": 95500.0,
        "operating_profit": 6850.0,
        "ordinary_profit": 7200.0,
        "net_profit": 4700.0,
        "eps": 4760.0,
        "roe": 243.86,
        "roa": 8.05,
        "operating_margin": 5.31,
        "cost_ratio": 7.17,
        "sga_ratio": 75.79
      },
      {
        "fiscal_year": "2020/12",
        "sales": 78400.0,
        "operating_profit": 3279.9999999999995,
        "ordinary_profit": 3610.0,
        "net_profit": 2390.0,
        "eps": 2370.0,
        "roe": 125.99,
        "roa": 4.01,
        "operating_margin": 2.86,
        "cost_ratio": 4.17,
        "sga_ratio": 76.65
      },
      {
        "fiscal_year": "2021/12",
        "sales": 79700.0,
        "operating_profit": 4140.0,
        "ordinary_profit": 4420.0,
        "net_profit": 2820.0,
        "eps": 3329.9999999999995,
        "roe": 148.68,
        "roa": 4.56,
        "operating_margin": 3.23,
        "cost_ratio": 5.2,
        "sga_ratio": 76.15
      },
      {
        "fiscal_year": "2022/12",
        "sales": 89100.0,
        "operating_profit": 5970.0,
        "ordinary_profit": 6350.0,
        "net_profit": 4060.0,
        "eps": 4360.0,
        "roe": 213.52,
        "roa": 6.21,
        "operating_margin": 4.3,
        "cost_ratio": 6.71,
        "sga_ratio": 75.66
      },
      {
        "fiscal_year": "2023/12",
        "sales": 97700.0,
        "operating_profit": 7740.000000000001,
        "ordinary_profit": 8059.999999999999,
        "net_profit": 5650.0,
        "eps": 7059.999999999999,
        "roe": 297.05,
        "roa": 7.95,
        "operating_margin": 5.72,
        "cost_ratio": 7.92,
        "sga_ratio": 74.66
      },
      {
        "fiscal_year": "2024/12",
        "sales": 101000.0,
        "operating_profit": 8100.0,
        "ordinary_profit": 8400.0,
        "net_profit": 6400.0,
        "roe": 321.61,
        "roa": 8.88,
        "operating_margin": 6.59,
        "cost_ratio": 8.02
      }
    ],
    "dividend_data": [
      {
        "fiscal_year": "2009/03",
        "total_dividend": 40.0,
        "dividend_yield": 3.12
      },
      {
        "fiscal_year": "2010/03",
        "total_dividend": 40.0,
        "dividend_yield": 2.76
      },
      {
        "fiscal_year": "2011/03",
        "total_dividend": 40.0,
        "dividend_yield": 3.58
      },
      {
        "fiscal_year": "2012/03",
        "total_dividend": 50.0,
        "dividend_yield": 3.45
      }
    ]
  },
  {
    "code": 3951,
    "name": "朝日印刷",
    "annual_data": [
      {
        "date": "2010/03/31",
        "per": 11.39,
        "pbr": 1.03,
        "is_per_red": false,
        "is_pbr_red": false
      },
      {
        "date": "2011/03/31",
        "per": 12.98,
        "pbr": 1.18,
        "is_per_red": false,
        "is_pbr_red": false
      },
      {
        "date": "2012/03/30",
        "per": 18.37,
        "pbr": 1.2,
        "is_per_red": false,
        "is_pbr_red": false
      },
      {
        "date": "2013/03/29",
        "per": 21.47,
        "pbr": 1.56,
        "is_per_red": false,
        "is_pbr_red": false
      },
      {
        "date": "2014/03/31",
        "per": 16.39,
        "pbr": 1.21,
        "is_per_red": false,
        "is_pbr_red": false
      },
      {
        "date": "2015/03/27",
        "per": 14.24,
        "pbr": 1.01,
        "is_per_red": false,
        "is_pbr_red": false
      },
      {
        "date": "2016/03/31",
        "per": 12.52,
        "pbr": 0.94,
        "is_per_red": false,
        "is_pbr_red": false
      },
      {
        "date": "2017/03/31",
        "per": 15.65,
        "pbr": 1.13,
        "is_per_red": false,
        "is_pbr_red": false
      },
      {
        "date": "2018/03/30",
        "per": 15.01,
        "pbr": 1.0,
        "is_per_red": false,
        "is_pbr_red": false
      },
      {
        "date": "2019/03/29",
        "per": 15.05,
        "pbr": 0.85,
        "is_per_red": false,
        "is_pbr_red": false
      },
      {
        "date": "2020/03/31",
        "per": 13.78,
        "pbr": 0.68,
        "is_per_red": false,
        "is_pbr_red": false
      },
      {
        "date": "2021/03/31",
        "per": 12.63,
        "pbr": 0.66,
        "is_per_red": false,
        "is_pbr_red": false
      },
      {
        "date": "2022/03/31",
        "per": 10.14,
        "pbr": 0.57,
        "is_per_red": false,
        "is_pbr_red": false
      },
      {
        "date": "2023/03/31",
        "per": 11.14,
        "pbr": 0.59,
        "is_per_red": false,
        "is_pbr_red": false
      },
      {
        "date": "2024/03/29",
        "per": 11.99,
        "pbr": 0.58,
        "is_per_red": false,
        "is_pbr_red": false
      }
    ],
    "daily_data": [],
    "financial_data": [
      {
        "fiscal_year": "2008/03",
        "sales": 25600.0,
        "operating_profit": 2160.0,
        "ordinary_profit": 2370.0,
        "net_profit": 1310.0,
        "roa": 8.99,
        "operating_margin": 4.54,
        "cost_ratio": 8.43,
        "sga_ratio": 75.71
      },
      {
        "fiscal_year": "2009/03",
        "sales": 28000.0,
        "operating_profit": 2260.0,
        "ordinary_profit": 2450.0,
        "net_profit": 1440.0,
        "roa": 9.48,
        "operating_margin": 4.73,
        "cost_ratio": 8.07,
        "sga_ratio": 76.41
      },
      {
        "fiscal_year": "2010/03",
        "sales": 28500.0,
        "operating_profit": 2370.0,
        "ordinary_profit": 2600.0,
        "net_profit": 1470.0,
        "roe": 65.83,
        "roa": 9.0,
        "operating_margin": 4.66,
        "cost_ratio": 8.32,
        "sga_ratio": 76.3
      },
      {
        "fiscal_year": "2011/03",
        "sales": 28600.0,
        "operating_profit": 2320.0,
        "ordinary_profit": 2560.0,
        "net_profit": 1580.0,
        "eps": 1500.0,
        "roe": 70.52,
        "roa": 9.08,
        "operating_margin": 5.0,
        "cost_ratio": 8.12,
        "sga_ratio": 76.05
      },
      {
        "fiscal_year": "2012/03",
        "sales": 29800.0,
        "operating_profit": 2100.0,
        "ordinary_profit": 2290.0,
        "net_profit": 1190.0,
        "eps": 1270.0,
        "roe": 53.07,
        "roa": 6.52,
        "operating_margin": 3.55,
        "cost_ratio": 7.04,
        "sga_ratio": 77.61
      },
      {
        "fiscal_year": "2013/03",
        "sales": 31300.0,
        "operating_profit": 2260.0,
        "ordinary_profit": 2460.0,
        "net_profit": 1400.0,
        "eps": 1789.9999999999998,
        "roe": 62.45,
        "roa": 7.24,
        "operating_margin": 3.86,
        "cost_ratio": 7.21,
        "sga_ratio": 77.21
      },
      {
        "fiscal_year": "2014/03",
        "sales": 31900.0,
        "operating_profit": 2310.0,
        "ordinary_profit": 2540.0,
        "net_profit": 1520.0,
        "eps": 1830.0,
        "roe": 71.68,
        "roa": 7.32,
        "operating_margin": 3.9,
        "cost_ratio": 7.26,
        "sga_ratio": 77.41
      },
      {
        "fiscal_year": "2015/03",
        "sales": 32700.0,
        "operating_profit": 2440.0,
        "ordinary_profit": 2710.0,
        "net_profit": 1639.9999999999998,
        "eps": 2720.0,
        "roe": 77.33,
        "roa": 7.11,
        "operating_margin": 3.7,
        "cost_ratio": 7.47,
        "sga_ratio": 76.8
      },
      {
        "fiscal_year": "2016/03",
        "sales": 35000.0,
        "operating_profit": 2530.0,
        "ordinary_profit": 2810.0,
        "net_profit": 1850.0,
        "eps": 2030.0,
        "roe": 87.04,
        "roa": 7.47,
        "operating_margin": 3.76,
        "cost_ratio": 7.22,
        "sga_ratio": 76.11
      },
      {
        "fiscal_year": "2017/03",
        "sales": 37600.0,
        "operating_profit": 2480.0,
        "ordinary_profit": 2800.0,
        "net_profit": 1850.0,
        "eps": 1500.0,
        "roe": 86.06,
        "roa": 7.17,
        "operating_margin": 3.68,
        "cost_ratio": 6.61,
        "sga_ratio": 77.02
      },
      {
        "fiscal_year": "2018/03",
        "sales": 38500.0,
        "operating_profit": 2520.0,
        "ordinary_profit": 2830.0,
        "net_profit": 1860.0000000000002,
        "eps": 2520.0,
        "roe": 84.85,
        "roa": 6.41,
        "operating_margin": 3.45,
        "cost_ratio": 6.55,
        "sga_ratio": 76.9
      },
      {
        "fiscal_year": "2019/03",
        "sales": 39300.0,
        "operating_profit": 1870.0,
        "ordinary_profit": 2250.0,
        "net_profit": 1660.0000000000002,
        "eps": 974.0,
        "roe": 73.35,
        "roa": 5.72,
        "operating_margin": 2.94,
        "cost_ratio": 4.75,
        "sga_ratio": 78.56
      },
      {
        "fiscal_year": "2020/03",
        "sales": 40500.0,
        "operating_profit": 1839.9999999999998,
        "ordinary_profit": 2170.0,
        "net_profit": 1490.0,
        "eps": 1460.0,
        "roe": 66.75,
        "roa": 4.99,
        "operating_margin": 2.41,
        "cost_ratio": 4.54,
        "sga_ratio": 78.29
      },
      {
        "fiscal_year": "2021/03",
        "sales": 40100.0,
        "operating_profit": 2000.0,
        "ordinary_profit": 2410.0,
        "net_profit": 1639.9999999999998,
        "eps": 1889.9999999999998,
        "roe": 74.05,
        "roa": 5.29,
        "operating_margin": 2.58,
        "cost_ratio": 4.99,
        "sga_ratio": 78.08
      },
      {
        "fiscal_year": "2022/03",
        "sales": 38800.0,
        "operating_profit": 2300.0,
        "ordinary_profit": 2520.0,
        "net_profit": 1780.0,
        "eps": 1300.0,
        "roe": 81.24,
        "roa": 5.67,
        "operating_margin": 2.57,
        "cost_ratio": 5.92,
        "sga_ratio": 76.25
      },
      {
        "fiscal_year": "2023/03",
        "sales": 40300.0,
        "operating_profit": 2260.0,
        "ordinary_profit": 2540.0,
        "net_profit": 1710.0000000000002,
        "eps": 1820.0,
        "roe": 78.38,
        "roa": 5.25,
        "operating_margin": 2.62,
        "cost_ratio": 5.61,
        "sga_ratio": 76.89
      },
      {
        "fiscal_year": "2024/03",
        "sales": 41900.0,
        "operating_profit": 2030.0,
        "ordinary_profit": 2320.0,
        "net_profit": 1630.0,
        "eps": 1800.0,
        "roe": 75.33,
        "roa": 4.92,
        "operating_margin": 2.37,
        "cost_ratio": 4.85,
        "sga_ratio": 77.36
      },
      {
        "fiscal_year": "2025/03",
        "sales": 44100.0,
        "operating_profit": 2650.0,
        "ordinary_profit": 2700.0,
        "net_profit": 1800.0,
        "roe": 84.75,
        "roa": 5.31,
        "operating_margin": 2.7,
        "cost_ratio": 6.01
      }
    ],
    "dividend_data": [
      {
        "fiscal_year": "2010/03",
        "total_dividend": 42.0,
        "dividend_yield": 21.0
      },
      {
        "fiscal_year": "2011/03",
        "total_dividend": 45.0,
        "dividend_yield": 22.5
      },
      {
        "fiscal_year": "2012/03",
        "total_dividend": 35.0,
        "dividend_yield": 17.5
      },
      {
        "fiscal_year": "2013/03",
        "total_dividend": 40.0,
        "dividend_yield": 20.0
      }
    ]
  },
  {
    "code": 3953,
    "name": "大村紙業",
    "annual_data": [
      {
        "date": "2010/03/26",
        "per": 11.67,
        "pbr": 0.7,
        "is_per_red": false,
        "is_pbr_red": false
      },
      {
        "date": "2011/03/31",
        "per": 11.85,
        "pbr": 0.61,
        "is_per_red": false,
        "is_pbr_red": false
      },
      {
        "date": "2012/03/30",
        "per": 13.68,
        "pbr": 0.59,
        "is_per_red": false,
        "is_pbr_red": false
      },
      {
        "date": "2013/03/29",
        "per": 27.06,
        "pbr": 0.63,
        "is_per_red": false,
        "is_pbr_red": false
      },
      {
        "date": "2014/03/31",
        "per": 9.12,
        "pbr": 0.53,
        "is_per_red": false,
        "is_pbr_red": false
      },
      {
        "date": "2015/03/31",
        "per": 17.41,
        "pbr": 0.54,
        "is_per_red": false,
        "is_pbr_red": false
      },
      {
        "date": "2016/03/31",
        "per": 14.48,
        "pbr": 0.52,
        "is_per_red": false,
        "is_pbr_red": false
      },
      {
        "date": "2017/03/30",
        "per": 11.53,
        "pbr": 0.57,
        "is_per_red": false,
        "is_pbr_red": false
      },
      {
        "date": "2018/03/30",
        "per": 46.1,
        "pbr": 1.55,
        "is_per_red": false,
        "is_pbr_red": false
      },
      {
        "date": "2019/03/29",
        "per": 39.79,
        "pbr": 0.93,
        "is_per_red": false,
        "is_pbr_red": false
      },
      {
        "date": "2020/03/31",
        "per": 16.52,
        "pbr": 0.48,
        "is_per_red": false,
        "is_pbr_red": false
      },
      {
        "date": "2021/03/31",
        "per": 18.01,
        "pbr": 0.54,
        "is_per_red": false,
        "is_pbr_red": false
      },
      {
        "date": "2022/03/31",
        "per": 21.61,
        "pbr": 0.51,
        "is_per_red": false,
        "is_pbr_red": false
      },
      {
        "date": "2023/03/31",
        "per": 79.28,
        "pbr": 0.42,
        "is_per_red": false,
        "is_pbr_red": false
      },
      {
        "date": "2024/03/29",
        "per": 11.28,
        "pbr": 0.55,
        "is_per_red": false,
        "is_pbr_red": false
      }
    ],
    "daily_data": [],
    "financial_data": [
      {
        "fiscal_year": "2008/03",
        "sales": 4960.0,
        "operating_profit": 348.0,
        "ordinary_profit": 357.0,
        "net_profit": 201.0,
        "roe": 5.36,
        "roa": 3.55,
        "operating_margin": 7.0,
        "cost_ratio": 71.32,
        "sga_ratio": 21.67
      },
      {
        "fiscal_year": "2009/03",
        "sales": 5120.0,
        "operating_profit": 345.0,
        "ordinary_profit": 354.0,
        "net_profit": 157.0,
        "roe": 4.07,
        "roa": 2.84,
        "operating_margin": 6.74,
        "cost_ratio": 71.79,
        "sga_ratio": 21.47
      },
      {
        "fiscal_year": "2010/03",
        "sales": 4990.0,
        "operating_profit": 436.0,
        "ordinary_profit": 448.0,
        "net_profit": 243.0,
        "eps": 49.68,
        "roe": 5.98,
        "roa": 4.06,
        "operating_margin": 8.73,
        "cost_ratio": 69.43,
        "sga_ratio": 21.84
      },
      {
        "fiscal_year": "2011/03",
        "sales": 5240.0,
        "operating_profit": 485.0,
        "ordinary_profit": 499.0,
        "net_profit": 219.0,
        "eps": 44.81,
        "roe": 5.18,
        "roa": 3.47,
        "operating_margin": 9.26,
        "cost_ratio": 69.46,
        "sga_ratio": 21.28
      },
      {
        "fiscal_year": "2012/03",
        "sales": 5020.0,
        "operating_profit": 409.0,
        "ordinary_profit": 420.0,
        "net_profit": 187.0,
        "eps": 38.38,
        "roe": 4.32,
        "roa": 2.96,
        "operating_margin": 8.14,
        "cost_ratio": 69.92,
        "sga_ratio": 21.94
      },
      {
        "fiscal_year": "2013/03",
        "sales": 5020.0,
        "operating_profit": 420.0,
        "ordinary_profit": 429.0,
        "net_profit": 102.0,
        "eps": 20.92,
        "roe": 2.32,
        "roa": 1.59,
        "operating_margin": 8.35,
        "cost_ratio": 69.47,
        "sga_ratio": 22.18
      },
      {
        "fiscal_year": "2014/03",
        "sales": 4940.0,
        "operating_profit": 414.0,
        "ordinary_profit": 431.0,
        "net_profit": 270.0,
        "eps": 56.06,
        "roe": 5.83,
        "roa": 3.75,
        "operating_margin": 8.38,
        "cost_ratio": 69.88,
        "sga_ratio": 21.74
      },
      {
        "fiscal_year": "2015/03",
        "sales": 5030.0,
        "operating_profit": 259.0,
        "ordinary_profit": 268.0,
        "net_profit": 146.0,
        "eps": 30.33,
        "roe": 3.08,
        "roa": 2.06,
        "operating_margin": 5.15,
        "cost_ratio": 72.53,
        "sga_ratio": 22.32
      },
      {
        "fiscal_year": "2016/03",
        "sales": 5220.0,
        "operating_profit": 298.0,
        "ordinary_profit": 300.0,
        "net_profit": 173.0,
        "eps": 35.97,
        "roe": 3.58,
        "roa": 2.42,
        "operating_margin": 5.71,
        "cost_ratio": 72.52,
        "sga_ratio": 21.78
      },
      {
        "fiscal_year": "2017/03",
        "sales": 4970.0,
        "operating_profit": 396.0,
        "ordinary_profit": 401.0,
        "net_profit": 248.0,
        "eps": 51.45,
        "roe": 4.91,
        "roa": 3.43,
        "operating_margin": 7.97,
        "cost_ratio": 69.51,
        "sga_ratio": 22.52
      },
      {
        "fiscal_year": "2018/03",
        "sales": 5030.0,
        "operating_profit": 284.0,
        "ordinary_profit": 286.0,
        "net_profit": 174.0,
        "eps": 36.07,
        "roe": 3.36,
        "roa": 2.31,
        "operating_margin": 5.64,
        "cost_ratio": 71.69,
        "sga_ratio": 22.67
      },
      {
        "fiscal_year": "2019/03",
        "sales": 5220.0,
        "operating_profit": 202.0,
        "ordinary_profit": 203.0,
        "net_profit": 122.0,
        "eps": 25.28,
        "roe": 2.32,
        "roa": 1.63,
        "operating_margin": 3.87,
        "cost_ratio": 74.24,
        "sga_ratio": 21.89
      },
      {
        "fiscal_year": "2020/03",
        "sales": 5260.0,
        "operating_profit": 312.0,
        "ordinary_profit": 321.0,
        "net_profit": 154.0,
        "eps": 31.96,
        "roe": 2.89,
        "roa": 2.02,
        "operating_margin": 5.94,
        "cost_ratio": 72.48,
        "sga_ratio": 21.59
      },
      {
        "fiscal_year": "2021/03",
        "sales": 4800.0,
        "operating_profit": 270.0,
        "ordinary_profit": 276.0,
        "net_profit": 164.0,
        "eps": 34.04,
        "roe": 2.99,
        "roa": 2.18,
        "operating_margin": 5.62,
        "cost_ratio": 71.53,
        "sga_ratio": 22.85
      },
      {
        "fiscal_year": "2022/03",
        "sales": 4980.0,
        "operating_profit": 255.0,
        "ordinary_profit": 235.0,
        "net_profit": 130.0,
        "eps": 27.07,
        "roe": 2.35,
        "roa": 1.68,
        "operating_margin": 5.11,
        "cost_ratio": 72.15,
        "sga_ratio": 22.73
      },
      {
        "fiscal_year": "2023/03",
        "sales": 5420.0,
        "operating_profit": 269.0,
        "ordinary_profit": 271.0,
        "net_profit": 26.0,
        "eps": 7.19,
        "roe": 0.54,
        "roa": 0.36,
        "operating_margin": 4.96,
        "cost_ratio": 74.07,
        "sga_ratio": 20.97
      },
      {
        "fiscal_year": "2024/03",
        "sales": 5740.0,
        "operating_profit": 342.0,
        "ordinary_profit": 358.0,
        "net_profit": 249.0,
        "eps": 69.79,
        "roe": 4.88,
        "roa": 3.21,
        "operating_margin": 5.96,
        "cost_ratio": 73.1,
        "sga_ratio": 20.94
      },
      {
        "fiscal_year": "2025/03",
        "sales": 5890.0,
        "operating_profit": 372.0,
        "ordinary_profit": 372.0,
        "net_profit": 260.0,
        "eps": 73.0,
        "roe": 5.14,
        "roa": 3.67,
        "operating_margin": 6.32
      }
    ],
    "dividend_data": [
      {
        "fiscal_year": "2010/03",
        "total_dividend": 10.0,
        "dividend_yield": 1.72
      },
      {
        "fiscal_year": "2011/03",
        "total_dividend": 15.0,
        "dividend_yield": 2.82
      },
      {
        "fiscal_year": "2012/03",
        "total_dividend": 10.0,
        "dividend_yield": 1.9
      },
      {
        "fiscal_year": "2013/03",
        "total_dividend": 10.0,
        "dividend_yield": 1.77
      }
    ]
  },
  {
    "code": 3954,
    "name": "昭和パックス",
    "annual_data": [
      {
        "date": "2010/03/31",
        "per": 13.76,
        "pbr": 0.52,
        "is_per_red": false,
        "is_pbr_red": false
      },
      {
        "date": "2011/03/28",
        "per": 6.63,
        "pbr": 0.48,
        "is_per_red": false,
        "is_pbr_red": false
      },
      {
        "date": "2012/03/30",
        "per": 7.9,
        "pbr": 0.43,
        "is_per_red": false,
        "is_pbr_red": false
      },
      {
        "date": "2013/03/29",
        "per": 7.68,
        "pbr": 0.41,
        "is_per_red": false,
        "is_pbr_red": false
      },
      {
        "date": "2014/03/31",
        "per": 5.88,
        "pbr": 0.4,
        "is_per_red": false,
        "is_pbr_red": false
      },
      {
        "date": "2015/03/31",
        "per": 6.87,
        "pbr": 0.39,
        "is_per_red": false,
        "is_pbr_red": false
      },
      {
        "date": "2016/03/30",
        "per": 5.4,
        "pbr": 0.37,
        "is_per_red": false,
        "is_pbr_red": false
      },
      {
        "date": "2017/03/30",
        "per": 7.18,
        "pbr": 0.46,
        "is_per_red": false,
        "is_pbr_red": false
      },
      {
        "date": "2018/03/30",
        "per": 7.58,
        "pbr": 0.51,
        "is_per_red": false,
        "is_pbr_red": false
      },
      {
        "date": "2019/03/28",
        "per": 6.55,
        "pbr": 0.49,
        "is_per_red": false,
        "is_pbr_red": false
      },
      {
        "date": "2020/03/31",
        "per": 7.58,
        "pbr": 0.48,
        "is_per_red": false,
        "is_pbr_red": false
      },
      {
        "date": "2021/03/31",
        "per": 9.17,
        "pbr": 0.45,
        "is_per_red": false,
        "is_pbr_red": false
      },
      {
        "date": "2022/03/31",
        "per": 6.07,
        "pbr": 0.35,
        "is_per_red": false,
        "is_pbr_red": false
      },
      {
        "date": "2023/03/31",
        "per": 7.46,
        "pbr": 0.35,
        "is_per_red": false,
        "is_pbr_red": false
      },
      {
        "date": "2024/03/29",
        "per": 8.65,
        "pbr": 0.36,
        "is_per_red": false,
        "is_pbr_red": false
      }
    ],
    "daily_data": [],
    "financial_data": [
      {
        "fiscal_year": "2008/03",
        "sales": 20000.0,
        "operating_profit": 562.0,
        "ordinary_profit": 560.0,
        "net_profit": 344.0,
        "roa": 4.15,
        "operating_margin": 1.78,
        "cost_ratio": 2.81,
        "sga_ratio": 84.32
      },
      {
        "fiscal_year": "2009/03",
        "sales": 18500.0,
        "operating_profit": 341.0,
        "ordinary_profit": 331.0,
        "net_profit": 175.0,
        "roa": 2.25,
        "operating_margin": 1.02,
        "cost_ratio": 1.84,
        "sga_ratio": 85.3
      },
      {
        "fiscal_year": "2010/03",
        "sales": 17300.0,
        "operating_profit": 505.0,
        "ordinary_profit": 526.0,
        "net_profit": 320.0,
        "roe": 35.97,
        "roa": 3.81,
        "operating_margin": 1.67,
        "cost_ratio": 2.92,
        "sga_ratio": 83.86
      },
      {
        "fiscal_year": "2011/03",
        "sales": 19500.0,
        "operating_profit": 1019.9999999999999,
        "ordinary_profit": 1110.0,
        "net_profit": 622.0,
        "eps": 346.0,
        "roe": 69.85,
        "roa": 7.19,
        "operating_margin": 3.23,
        "cost_ratio": 5.22,
        "sga_ratio": 82.37
      },
      {
        "fiscal_year": "2012/03",
        "sales": 18900.0,
        "operating_profit": 778.0,
        "ordinary_profit": 892.0,
        "net_profit": 484.0,
        "eps": 387.0,
        "roe": 54.42,
        "roa": 5.44,
        "operating_margin": 2.41,
        "cost_ratio": 4.11,
        "sga_ratio": 83.27
      },
      {
        "fiscal_year": "2013/03",
        "sales": 18700.0,
        "operating_profit": 742.0,
        "ordinary_profit": 840.0,
        "net_profit": 526.0,
        "eps": 994.9999999999999,
        "roe": 59.1,
        "roa": 5.38,
        "operating_margin": 2.51,
        "cost_ratio": 3.98,
        "sga_ratio": 83.17
      },
      {
        "fiscal_year": "2014/03",
        "sales": 19600.0,
        "operating_profit": 889.0,
        "ordinary_profit": 1019.9999999999999,
        "net_profit": 708.0,
        "eps": 1030.0,
        "roe": 79.7,
        "roa": 6.74,
        "operating_margin": 3.26,
        "cost_ratio": 4.55,
        "sga_ratio": 82.9
      },
      {
        "fiscal_year": "2015/03",
        "sales": 19800.0,
        "operating_profit": 816.0,
        "ordinary_profit": 932.0,
        "net_profit": 659.0,
        "eps": 1220.0,
        "roe": 74.21,
        "roa": 5.66,
        "operating_margin": 2.96,
        "cost_ratio": 4.11,
        "sga_ratio": 83.17
      },
      {
        "fiscal_year": "2016/03",
        "sales": 20100.0,
        "operating_profit": 1100.0,
        "ordinary_profit": 1180.0,
        "net_profit": 825.0,
        "eps": 426.99999999999994,
        "roe": 92.86,
        "roa": 6.91,
        "operating_margin": 3.69,
        "cost_ratio": 5.47,
        "sga_ratio": 81.91
      },
      {
        "fiscal_year": "2017/03",
        "sales": 20000.0,
        "operating_profit": 1200.0,
        "ordinary_profit": 1300.0,
        "net_profit": 868.0,
        "eps": 1820.0,
        "roe": 195.59,
        "roa": 6.39,
        "operating_margin": 3.65,
        "cost_ratio": 5.98,
        "sga_ratio": 80.85
      },
      {
        "fiscal_year": "2018/03",
        "sales": 20800.0,
        "operating_profit": 1390.0,
        "ordinary_profit": 1520.0,
        "net_profit": 1030.0,
        "eps": 1889.9999999999998,
        "roe": 231.12,
        "roa": 6.72,
        "operating_margin": 3.95,
        "cost_ratio": 6.71,
        "sga_ratio": 80.73
      },
      {
        "fiscal_year": "2019/03",
        "sales": 21800.0,
        "operating_profit": 1520.0,
        "ordinary_profit": 1670.0,
        "net_profit": 1150.0,
        "eps": 539.0,
        "roe": 260.07,
        "roa": 7.4,
        "operating_margin": 4.4,
        "cost_ratio": 6.98,
        "sga_ratio": 80.94
      },
      {
        "fiscal_year": "2020/03",
        "sales": 21400.0,
        "operating_profit": 1360.0,
        "ordinary_profit": 1510.0,
        "net_profit": 1040.0,
        "eps": 943.0,
        "roe": 233.24,
        "roa": 6.36,
        "operating_margin": 4.08,
        "cost_ratio": 6.35,
        "sga_ratio": 81.37
      },
      {
        "fiscal_year": "2021/03",
        "sales": 19900.0,
        "operating_profit": 1170.0,
        "ordinary_profit": 1320.0,
        "net_profit": 901.0,
        "eps": 2340.0,
        "roe": 202.93,
        "roa": 4.89,
        "operating_margin": 3.24,
        "cost_ratio": 5.87,
        "sga_ratio": 81.69
      },
      {
        "fiscal_year": "2022/03",
        "sales": 21600.0,
        "operating_profit": 1400.0,
        "ordinary_profit": 1580.0,
        "net_profit": 1100.0,
        "eps": 1200.0,
        "roe": 248.24,
        "roa": 5.68,
        "operating_margin": 3.75,
        "cost_ratio": 6.49,
        "sga_ratio": 81.56
      },
      {
        "fiscal_year": "2023/03",
        "sales": 22300.0,
        "operating_profit": 1120.0,
        "ordinary_profit": 1350.0,
        "net_profit": 948.0,
        "eps": 1370.0,
        "roe": 213.51,
        "roa": 4.63,
        "operating_margin": 3.12,
        "cost_ratio": 5.01,
        "sga_ratio": 83.22
      },
      {
        "fiscal_year": "2024/03",
        "sales": 21700.0,
        "operating_profit": 1019.9999999999999,
        "ordinary_profit": 1250.0,
        "net_profit": 961.9999999999999,
        "eps": 2730.0,
        "roe": 216.74,
        "roa": 4.18,
        "operating_margin": 2.89,
        "cost_ratio": 4.72,
        "sga_ratio": 82.37
      },
      {
        "fiscal_year": "2025/03",
        "sales": 23500.0,
        "operating_profit": 1180.0,
        "ordinary_profit": 1370.0,
        "net_profit": 1130.0,
        "roe": 254.5,
        "roa": 4.82,
        "operating_margin": 3.37,
        "cost_ratio": 5.02
      }
    ],
    "dividend_data": [
      {
        "fiscal_year": "2010/03",
        "total_dividend": 10.0,
        "dividend_yield": 2.02
      },
      {
        "fiscal_year": "2011/03",
        "total_dividend": 12.0,
        "dividend_yield": 2.59
      },
      {
        "fiscal_year": "2012/03",
        "total_dividend": 12.0,
        "dividend_yield": 2.79
      },
      {
        "fiscal_year": "2013/03",
        "total_dividend": 12.0,
        "dividend_yield": 2.64
      }
    ]
  },
  {
    "code": 3955,
    "name": "イムラ",
    "annual_data": [
      {
        "date": "2010/01/26",
        "per": 76.28,
        "pbr": 0.44,
        "is_per_red": false,
        "is_pbr_red": false
      },
      {
        "date": "2011/01/31",
        "per": -1,
        "pbr": 0.38,
        "is_per_red": true,
        "is_pbr_red": false
      },
      {
        "date": "2012/01/31",
        "per": -1,
        "pbr": 0.31,
        "is_per_red": true,
        "is_pbr_red": false
      },
      {
        "date": "2013/01/31",
        "per": 80.97,
        "pbr": 0.29,
        "is_per_red": false,
        "is_pbr_red": false
      },
      {
        "date": "2014/01/31",
        "per": 13.38,
        "pbr": 0.3,
        "is_per_red": false,
        "is_pbr_red": false
      },
      {
        "date": "2015/01/30",
        "per": 31.64,
        "pbr": 0.37,
        "is_per_red": false,
        "is_pbr_red": false
      },
      {
        "date": "2016/01/29",
        "per": 11.7,
        "pbr": 0.47,
        "is_per_red": false,
        "is_pbr_red": false
      },
      {
        "date": "2017/01/31",
        "per": 12.84,
        "pbr": 0.42,
        "is_per_red": false,
        "is_pbr_red": false
      },
      {
        "date": "2018/01/31",
        "per": 13.14,
        "pbr": 0.42,
        "is_per_red": false,
        "is_pbr_red": false
      },
      {
        "date": "2019/01/31",
        "per": 21.21,
        "pbr": 0.43,
        "is_per_red": false,
        "is_pbr_red": false
      },
      {
        "date": "2020/01/31",
        "per": 12.75,
        "pbr": 0.46,
        "is_per_red": false,
        "is_pbr_red": false
      },
      {
        "date": "2021/01/29",
        "per": 14.07,
        "pbr": 0.66,
        "is_per_red": false,
        "is_pbr_red": false
      },
      {
        "date": "2022/01/31",
        "per": 7.96,
        "pbr": 0.54,
        "is_per_red": false,
        "is_pbr_red": false
      },
      {
        "date": "2023/01/31",
        "per": 8.59,
        "pbr": 0.57,
        "is_per_red": false,
        "is_pbr_red": false
      },
      {
        "date": "2024/01/31",
        "per": 13.11,
        "pbr": 0.77,
        "is_per_red": false,
        "is_pbr_red": false
      }
    ],
    "daily_data": [],
    "financial_data": [
      {
        "fiscal_year": "2009/01",
        "sales": 25100.0,
        "operating_profit": -115.99999999999999,
        "ordinary_profit": -84.0,
        "net_profit": -415.00000000000006,
        "roa": -1,
        "operating_margin": -1,
        "cost_ratio": -0.46,
        "sga_ratio": 78.22
      },
      {
        "fiscal_year": "2010/01",
        "sales": 23900.0,
        "operating_profit": 97.0,
        "ordinary_profit": 199.0,
        "net_profit": 67.0,
        "roe": 3.12,
        "roa": 0.58,
        "operating_margin": 0.31,
        "cost_ratio": 0.41,
        "sga_ratio": 78.52
      },
      {
        "fiscal_year": "2011/01",
        "sales": 22300.0,
        "operating_profit": -343.0,
        "ordinary_profit": -215.0,
        "net_profit": -458.0,
        "roe": -21.34,
        "roa": -1,
        "operating_margin": -1,
        "cost_ratio": -1.54,
        "sga_ratio": 80.54
      },
      {
        "fiscal_year": "2012/01",
        "sales": 21300.0,
        "operating_profit": -47.0,
        "ordinary_profit": 79.0,
        "net_profit": -36.0,
        "eps": -82.0,
        "roe": -1.68,
        "roa": -1,
        "operating_margin": -1,
        "cost_ratio": -0.22,
        "sga_ratio": 79.85
      },
      {
        "fiscal_year": "2013/01",
        "sales": 21300.0,
        "operating_profit": 70.0,
        "ordinary_profit": 189.0,
        "net_profit": 40.0,
        "eps": 242.0,
        "roe": 1.86,
        "roa": 0.36,
        "operating_margin": 0.19,
        "cost_ratio": 0.33,
        "sga_ratio": 80.01
      },
      {
        "fiscal_year": "2014/01",
        "sales": 21900.0,
        "operating_profit": 220.00000000000003,
        "ordinary_profit": 304.0,
        "net_profit": 257.0,
        "eps": 357.0,
        "roe": 12.03,
        "roa": 2.23,
        "operating_margin": 1.3,
        "cost_ratio": 1.01,
        "sga_ratio": 80.06
      },
      {
        "fiscal_year": "2015/01",
        "sales": 22200.0,
        "operating_profit": 244.0,
        "ordinary_profit": 373.0,
        "net_profit": 139.0,
        "eps": 137.0,
        "roe": 6.51,
        "roa": 1.15,
        "operating_margin": 0.69,
        "cost_ratio": 1.1,
        "sga_ratio": 80.53
      },
      {
        "fiscal_year": "2016/01",
        "sales": 23200.0,
        "operating_profit": 594.0,
        "ordinary_profit": 681.0,
        "net_profit": 500.0,
        "eps": 451.99999999999994,
        "roe": 23.41,
        "roa": 4.03,
        "operating_margin": 2.68,
        "cost_ratio": 2.56,
        "sga_ratio": 79.22
      },
      {
        "fiscal_year": "2017/01",
        "sales": 22600.0,
        "operating_profit": 548.0,
        "ordinary_profit": 609.0,
        "net_profit": 411.00000000000006,
        "eps": 112.99999999999999,
        "roe": 39.1,
        "roa": 3.36,
        "operating_margin": 2.3,
        "cost_ratio": 2.43,
        "sga_ratio": 79.35
      },
      {
        "fiscal_year": "2018/01",
        "sales": 22600.0,
        "operating_profit": 501.0,
        "ordinary_profit": 598.0,
        "net_profit": 413.99999999999994,
        "eps": 723.0,
        "roe": 40.19,
        "roa": 3.22,
        "operating_margin": 2.36,
        "cost_ratio": 2.21,
        "sga_ratio": 79.0
      },
      {
        "fiscal_year": "2019/01",
        "sales": 22600.0,
        "operating_profit": 391.0,
        "ordinary_profit": 496.0,
        "net_profit": 271.0,
        "eps": 505.99999999999994,
        "roe": 26.31,
        "roa": 2.05,
        "operating_margin": 1.51,
        "cost_ratio": 1.73,
        "sga_ratio": 79.57
      },
      {
        "fiscal_year": "2020/01",
        "sales": 23400.0,
        "operating_profit": 675.0,
        "ordinary_profit": 757.0,
        "net_profit": 501.0,
        "eps": 568.0,
        "roe": 48.64,
        "roa": 3.7,
        "operating_margin": 2.78,
        "cost_ratio": 2.88,
        "sga_ratio": 77.9
      },
      {
        "fiscal_year": "2021/01",
        "sales": 21200.0,
        "operating_profit": 873.0,
        "ordinary_profit": 1060.0,
        "net_profit": 660.0,
        "eps": 634.0,
        "roe": 65.17,
        "roa": 4.71,
        "operating_margin": 3.53,
        "cost_ratio": 4.11,
        "sga_ratio": 76.19
      },
      {
        "fiscal_year": "2022/01",
        "sales": 20200.0,
        "operating_profit": 1100.0,
        "ordinary_profit": 1270.0,
        "net_profit": 994.0,
        "eps": 1019.9999999999999,
        "roe": 99.05,
        "roa": 6.74,
        "operating_margin": 5.14,
        "cost_ratio": 5.42,
        "sga_ratio": 74.59
      },
      {
        "fiscal_year": "2023/01",
        "sales": 21700.0,
        "operating_profit": 1420.0,
        "ordinary_profit": 1560.0,
        "net_profit": 1019.9999999999999,
        "eps": 852.9999999999999,
        "roe": 101.51,
        "roa": 6.65,
        "operating_margin": 5.16,
        "cost_ratio": 6.54,
        "sga_ratio": 73.51
      },
      {
        "fiscal_year": "2024/01",
        "sales": 20900.0,
        "operating_profit": 1310.0,
        "ordinary_profit": 1410.0,
        "net_profit": 950.0,
        "eps": 1170.0,
        "roe": 94.79,
        "roa": 5.87,
        "operating_margin": 4.62,
        "cost_ratio": 6.25,
        "sga_ratio": 73.13
      },
      {
        "fiscal_year": "2025/01",
        "sales": 21000.0,
        "operating_profit": 1450.0,
        "ordinary_profit": 1500.0,
        "net_profit": 1000.0,
        "roe": 100.45,
        "roa": 6.11,
        "operating_margin": 4.18,
        "cost_ratio": 6.9
      }
    ],
    "dividend_data": [
      {
        "fiscal_year": "2010/03",
        "total_dividend": 4.0,
        "dividend_yield": 1.68
      },
      {
        "fiscal_year": "2011/03",
        "total_dividend": 4.0,
        "dividend_yield": 2.05
      },
      {
        "fiscal_year": "2012/03",
        "total_dividend": 2.0,
        "dividend_yield": 1.27
      },
      {
        "fiscal_year": "2013/03",
        "total_dividend": 0.0,
        "dividend_yield": 0.0
      }
    ]
  },
  {
    "code": 3958,
    "name": "笹徳印刷",
    "annual_data": [
      {
        "date": "2024/06/28",
        "per": 8.33,
        "pbr": 0.36,
        "is_per_red": false,
        "is_pbr_red": false
      }
    ],
    "daily_data": [],
    "financial_data": [
      {
        "fiscal_year": "2018/06",
        "sales": 12700.0,
        "ordinary_profit": 21.0,
        "net_profit": -601.0,
        "roe": -97.19,
        "operating_margin": -1
      },
      {
        "fiscal_year": "2019/06",
        "sales": 12400.0,
        "ordinary_profit": 179.0,
        "net_profit": 276.0,
        "roe": 44.64,
        "operating_margin": 2.11
      },
      {
        "fiscal_year": "2020/06",
        "sales": 12100.0,
        "ordinary_profit": 251.0,
        "net_profit": 197.0,
        "roe": 31.81
      },
      {
        "fiscal_year": "2021/06",
        "sales": 11900.0,
        "operating_profit": 145.0,
        "ordinary_profit": 353.0,
        "net_profit": 276.0,
        "eps": 599.0,
        "roe": 44.55,
        "roa": 4.29,
        "operating_margin": 2.03,
        "cost_ratio": 1.22,
        "sga_ratio": 80.39
      },
      {
        "fiscal_year": "2022/06",
        "sales": 12400.0,
        "operating_profit": 339.0,
        "ordinary_profit": 735.0,
        "net_profit": 551.0,
        "eps": 557.0,
        "roe": 89.13,
        "roa": 7.92,
        "operating_margin": 4.07,
        "cost_ratio": 2.74,
        "sga_ratio": 79.71
      },
      {
        "fiscal_year": "2023/06",
        "sales": 13000.0,
        "operating_profit": 364.0,
        "ordinary_profit": 586.0,
        "net_profit": 1140.0,
        "eps": 1270.0,
        "roe": 184.14,
        "roa": 13.88,
        "operating_margin": 7.69,
        "cost_ratio": 2.79,
        "sga_ratio": 80.35
      },
      {
        "fiscal_year": "2024/06",
        "sales": 13000.0,
        "operating_profit": 379.0,
        "ordinary_profit": 535.0,
        "net_profit": 397.0,
        "eps": 911.0,
        "roe": 71.28,
        "roa": 4.19,
        "operating_margin": 2.57,
        "cost_ratio": 2.92,
        "sga_ratio": 79.96
      },
      {
        "fiscal_year": "2025/06",
        "sales": 13100.0,
        "operating_profit": 390.0,
        "ordinary_profit": 480.0,
        "net_profit": 340.0,
        "roe": 59.39,
        "roa": 3.7,
        "operating_margin": 2.29,
        "cost_ratio": 2.98
      }
    ],
    "dividend_data": [
      {
        "fiscal_year": "2018/03",
        "total_dividend": 5.0
      },
      {
        "fiscal_year": "2019/03",
        "total_dividend": 5.0
      },
      {
        "fiscal_year": "2020/03",
        "total_dividend": 5.0
      },
      {
        "fiscal_year": "2021/03",
        "total_dividend": 5.0
      },
      {
        "fiscal_year": "2022/03",
        "total_dividend": 5.0
      },
      {
        "fiscal_year": "2023/03",
        "total_dividend": 5.0
      }
    ]
  }
]