[
  {
    "code": 9058,
    "name": "トランコム",
    "annual_data": [
      {
        "date": "2010/03/31",
        "per": 9.29,
        "pbr": 1.35,
        "is_per_red": false,
        "is_pbr_red": false
      },
      {
        "date": "2011/03/31",
        "per": 6.9,
        "pbr": 1.07,
        "is_per_red": false,
        "is_pbr_red": false
      },
      {
        "date": "2012/03/30",
        "per": 8.25,
        "pbr": 1.1,
        "is_per_red": false,
        "is_pbr_red": false
      },
      {
        "date": "2013/03/29",
        "per": 11.58,
        "pbr": 1.58,
        "is_per_red": false,
        "is_pbr_red": false
      },
      {
        "date": "2014/03/31",
        "per": 13.92,
        "pbr": 2.03,
        "is_per_red": false,
        "is_pbr_red": false
      },
      {
        "date": "2015/03/31",
        "per": 17.45,
        "pbr": 2.36,
        "is_per_red": false,
        "is_pbr_red": false
      },
      {
        "date": "2016/03/31",
        "per": 17.58,
        "pbr": 2.61,
        "is_per_red": false,
        "is_pbr_red": false
      },
      {
        "date": "2017/03/31",
        "per": 15.08,
        "pbr": 2.05,
        "is_per_red": false,
        "is_pbr_red": false
      },
      {
        "date": "2018/03/30",
        "per": 19.73,
        "pbr": 2.37,
        "is_per_red": false,
        "is_pbr_red": false
      },
      {
        "date": "2019/03/29",
        "per": 14.67,
        "pbr": 1.87,
        "is_per_red": false,
        "is_pbr_red": false
      },
      {
        "date": "2020/03/31",
        "per": 14.07,
        "pbr": 1.82,
        "is_per_red": false,
        "is_pbr_red": false
      },
      {
        "date": "2021/03/31",
        "per": 15.08,
        "pbr": 2.01,
        "is_per_red": false,
        "is_pbr_red": false
      },
      {
        "date": "2022/03/31",
        "per": 13.05,
        "pbr": 1.46,
        "is_per_red": false,
        "is_pbr_red": false
      },
      {
        "date": "2023/03/31",
        "per": 18.6,
        "pbr": 1.45,
        "is_per_red": false,
        "is_pbr_red": false
      },
      {
        "date": "2024/03/29",
        "per": 12.43,
        "pbr": 1.12,
        "is_per_red": false,
        "is_pbr_red": false
      }
    ],
    "daily_data": [],
    "financial_data": [
      {
        "fiscal_year": "2008/03",
        "sales": 62100.0,
        "operating_profit": 2770.0,
        "ordinary_profit": 2730.0,
        "net_profit": 1590.0,
        "roa": 16.41,
        "operating_margin": 8.33,
        "cost_ratio": 4.46
      },
      {
        "fiscal_year": "2009/03",
        "sales": 65200.0,
        "operating_profit": 2880.0,
        "ordinary_profit": 2850.0,
        "net_profit": 1500.0,
        "roa": 14.36,
        "operating_margin": 7.69,
        "cost_ratio": 4.42
      },
      {
        "fiscal_year": "2010/03",
        "sales": 64700.0,
        "operating_profit": 3210.0,
        "ordinary_profit": 3180.0,
        "net_profit": 1730.0,
        "roe": 167.76,
        "roa": 14.54,
        "operating_margin": 7.32,
        "cost_ratio": 4.97
      },
      {
        "fiscal_year": "2011/03",
        "sales": 72100.0,
        "operating_profit": 4020.0000000000005,
        "ordinary_profit": 3970.0000000000005,
        "net_profit": 2120.0,
        "eps": 2120.0,
        "roe": 205.34,
        "roa": 15.52,
        "operating_margin": 8.27,
        "cost_ratio": 5.58,
        "sga_ratio": 92.2
      },
      {
        "fiscal_year": "2012/03",
        "sales": 81500.0,
        "operating_profit": 3850.0,
        "ordinary_profit": 3800.0,
        "net_profit": 2030.0,
        "eps": 2020.0,
        "roe": 197.01,
        "roa": 13.33,
        "operating_margin": 6.97,
        "cost_ratio": 4.72,
        "sga_ratio": 93.25
      },
      {
        "fiscal_year": "2013/03",
        "sales": 88200.0,
        "operating_profit": 4270.0,
        "ordinary_profit": 4100.0,
        "net_profit": 2350.0,
        "eps": 2360.0,
        "roe": 227.23,
        "roa": 13.62,
        "operating_margin": 7.02,
        "cost_ratio": 4.84,
        "sga_ratio": 93.16
      },
      {
        "fiscal_year": "2014/03",
        "sales": 99500.0,
        "operating_profit": 5000.0,
        "ordinary_profit": 4840.0,
        "net_profit": 2790.0,
        "eps": 2840.0,
        "roe": 287.73,
        "roa": 14.59,
        "operating_margin": 8.34,
        "cost_ratio": 5.02,
        "sga_ratio": 92.74
      },
      {
        "fiscal_year": "2015/03",
        "sales": 114700.0,
        "operating_profit": 5550.0,
        "ordinary_profit": 5470.0,
        "net_profit": 2930.0,
        "eps": 3090.0,
        "roe": 301.44,
        "roa": 13.55,
        "operating_margin": 7.57,
        "cost_ratio": 4.84,
        "sga_ratio": 93.28
      },
      {
        "fiscal_year": "2016/03",
        "sales": 126200.0,
        "operating_profit": 6020.0,
        "ordinary_profit": 5980.0,
        "net_profit": 3640.0,
        "eps": 3550.0,
        "roe": 374.96,
        "roa": 14.85,
        "operating_margin": 8.64,
        "cost_ratio": 4.77,
        "sga_ratio": 93.31
      },
      {
        "fiscal_year": "2017/03",
        "sales": 133300.0,
        "operating_profit": 5680.0,
        "ordinary_profit": 5540.0,
        "net_profit": 3710.0,
        "eps": 3560.0,
        "roe": 381.93,
        "roa": 13.58,
        "operating_margin": 8.3,
        "cost_ratio": 4.26,
        "sga_ratio": 93.78
      },
      {
        "fiscal_year": "2018/03",
        "sales": 141700.0,
        "operating_profit": 5940.0,
        "ordinary_profit": 5910.0,
        "net_profit": 3620.0000000000005,
        "eps": 3800.0,
        "roe": 372.99,
        "roa": 11.99,
        "operating_margin": 7.53,
        "cost_ratio": 4.19,
        "sga_ratio": 94.02
      },
      {
        "fiscal_year": "2019/03",
        "sales": 151100.0,
        "operating_profit": 6730.0,
        "ordinary_profit": 6650.0,
        "net_profit": 4330.0,
        "eps": 4160.0,
        "roe": 443.79,
        "roa": 12.73,
        "operating_margin": 8.17,
        "cost_ratio": 4.46,
        "sga_ratio": 93.8
      },
      {
        "fiscal_year": "2020/03",
        "sales": 163500.0,
        "operating_profit": 7570.0,
        "ordinary_profit": 7420.0,
        "net_profit": 4910.0,
        "eps": 5000.0,
        "roe": 501.72,
        "roa": 12.94,
        "operating_margin": 8.24,
        "cost_ratio": 4.63,
        "sga_ratio": 93.7
      },
      {
        "fiscal_year": "2021/03",
        "sales": 152300.0,
        "operating_profit": 8240.0,
        "ordinary_profit": 8400.0,
        "net_profit": 5730.0,
        "eps": 5980.0,
        "roe": 585.5,
        "roa": 13.35,
        "operating_margin": 8.73,
        "cost_ratio": 5.41,
        "sga_ratio": 92.79
      },
      {
        "fiscal_year": "2022/03",
        "sales": 163000.0,
        "operating_profit": 7990.000000000001,
        "ordinary_profit": 8190.000000000001,
        "net_profit": 5290.0,
        "eps": 5510.0,
        "roe": 540.21,
        "roa": 11.21,
        "operating_margin": 7.58,
        "cost_ratio": 4.9,
        "sga_ratio": 93.31
      },
      {
        "fiscal_year": "2023/03",
        "sales": 167800.0,
        "operating_profit": 7440.000000000001,
        "ordinary_profit": 7570.0,
        "net_profit": 3840.0,
        "eps": 4950.0,
        "roe": 397.94,
        "roa": 7.91,
        "operating_margin": 5.32,
        "cost_ratio": 4.43,
        "sga_ratio": 93.45
      },
      {
        "fiscal_year": "2024/03",
        "sales": 169400.0,
        "operating_profit": 7020.0,
        "ordinary_profit": 7150.0,
        "net_profit": 4550.0,
        "eps": 4680.0,
        "roe": 485.15,
        "roa": 9.14,
        "operating_margin": 6.14,
        "cost_ratio": 4.14,
        "sga_ratio": 93.97
      },
      {
        "fiscal_year": "2025/03",
        "sales": 177800.0,
        "operating_profit": 7070.0,
        "ordinary_profit": 7040.000000000001,
        "net_profit": 4550.0,
        "roe": 492.14,
        "roa": 8.8,
        "operating_margin": 5.89,
        "cost_ratio": 3.98
      }
    ],
    "dividend_data": [
      {
        "fiscal_year": "2010/03",
        "total_dividend": 37.0,
        "dividend_yield": 2.37
      },
      {
        "fiscal_year": "2011/03",
        "total_dividend": 43.0,
        "dividend_yield": 3.03
      },
      {
        "fiscal_year": "2012/03",
        "total_dividend": 45.0,
        "dividend_yield": 2.77
      },
      {
        "fiscal_year": "2013/03",
        "total_dividend": 60.0,
        "dividend_yield": 2.28
      }
    ]
  },
  {
    "code": 9066,
    "name": "日新",
    "annual_data": [
      {
        "date": "2010/03/31",
        "per": 35.71,
        "pbr": 0.59,
        "is_per_red": false,
        "is_pbr_red": false
      },
      {
        "date": "2011/03/31",
        "per": 11.44,
        "pbr": 0.61,
        "is_per_red": false,
        "is_pbr_red": false
      },
      {
        "date": "2012/03/30",
        "per": 11.38,
        "pbr": 0.59,
        "is_per_red": false,
        "is_pbr_red": false
      },
      {
        "date": "2013/03/29",
        "per": 14.69,
        "pbr": 0.66,
        "is_per_red": false,
        "is_pbr_red": false
      },
      {
        "date": "2014/03/31",
        "per": 11.07,
        "pbr": 0.64,
        "is_per_red": false,
        "is_pbr_red": false
      },
      {
        "date": "2015/03/31",
        "per": 12.4,
        "pbr": 0.6,
        "is_per_red": false,
        "is_pbr_red": false
      },
      {
        "date": "2016/03/31",
        "per": 9.6,
        "pbr": 0.63,
        "is_per_red": false,
        "is_pbr_red": false
      },
      {
        "date": "2017/03/31",
        "per": 8.33,
        "pbr": 0.7,
        "is_per_red": false,
        "is_pbr_red": false
      },
      {
        "date": "2018/03/30",
        "per": 10.63,
        "pbr": 0.95,
        "is_per_red": false,
        "is_pbr_red": false
      },
      {
        "date": "2019/03/29",
        "per": 8.28,
        "pbr": 0.61,
        "is_per_red": false,
        "is_pbr_red": false
      },
      {
        "date": "2020/03/31",
        "per": 11.66,
        "pbr": 0.54,
        "is_per_red": false,
        "is_pbr_red": false
      },
      {
        "date": "2021/03/31",
        "per": 14.04,
        "pbr": 0.44,
        "is_per_red": false,
        "is_pbr_red": false
      },
      {
        "date": "2022/03/31",
        "per": 4.96,
        "pbr": 0.44,
        "is_per_red": false,
        "is_pbr_red": false
      },
      {
        "date": "2023/03/31",
        "per": 3.91,
        "pbr": 0.5,
        "is_per_red": false,
        "is_pbr_red": false
      },
      {
        "date": "2024/03/29",
        "per": 6.43,
        "pbr": 0.57,
        "is_per_red": false,
        "is_pbr_red": false
      }
    ],
    "daily_data": [],
    "financial_data": [
      {
        "fiscal_year": "2008/03",
        "sales": 227700.0,
        "operating_profit": 5240.0,
        "ordinary_profit": 5380.0,
        "net_profit": 2260.0,
        "roa": 5.7,
        "operating_margin": 2.15,
        "cost_ratio": 2.3,
        "sga_ratio": 86.29
      },
      {
        "fiscal_year": "2009/03",
        "sales": 197900.0,
        "operating_profit": 3529.9999999999995,
        "ordinary_profit": 3490.0,
        "net_profit": 1510.0,
        "roa": 4.24,
        "operating_margin": 1.68,
        "cost_ratio": 1.78,
        "sga_ratio": 86.11
      },
      {
        "fiscal_year": "2010/03",
        "sales": 164400.0,
        "operating_profit": 819.0,
        "ordinary_profit": 1030.0,
        "net_profit": 613.0,
        "roe": 6.05,
        "roa": 1.66,
        "operating_margin": 0.6,
        "cost_ratio": 0.5,
        "sga_ratio": 86.33
      },
      {
        "fiscal_year": "2011/03",
        "sales": 175500.0,
        "operating_profit": 4130.0,
        "ordinary_profit": 4360.0,
        "net_profit": 1980.0,
        "eps": 888.0000000000001,
        "roe": 19.57,
        "roa": 5.36,
        "operating_margin": 1.97,
        "cost_ratio": 2.35,
        "sga_ratio": 85.1
      },
      {
        "fiscal_year": "2012/03",
        "sales": 179100.0,
        "operating_profit": 3790.0,
        "ordinary_profit": 4120.0,
        "net_profit": 1950.0,
        "eps": 1630.0,
        "roe": 19.25,
        "roa": 5.23,
        "operating_margin": 1.95,
        "cost_ratio": 2.12,
        "sga_ratio": 85.31
      },
      {
        "fiscal_year": "2013/03",
        "sales": 175200.0,
        "operating_profit": 3420.0000000000005,
        "ordinary_profit": 3560.0,
        "net_profit": 1839.9999999999998,
        "eps": 4250.0,
        "roe": 18.11,
        "roa": 4.5,
        "operating_margin": 1.8,
        "cost_ratio": 1.95,
        "sga_ratio": 84.84
      },
      {
        "fiscal_year": "2014/03",
        "sales": 193700.0,
        "operating_profit": 4040.0,
        "ordinary_profit": 4680.0,
        "net_profit": 2620.0,
        "eps": 5370.0,
        "roe": 26.56,
        "roa": 5.82,
        "operating_margin": 2.4,
        "cost_ratio": 2.09,
        "sga_ratio": 84.5
      },
      {
        "fiscal_year": "2015/03",
        "sales": 204500.0,
        "operating_profit": 4660.0,
        "ordinary_profit": 5140.0,
        "net_profit": 2450.0,
        "eps": 6930.0,
        "roe": 24.67,
        "roa": 4.84,
        "operating_margin": 2.14,
        "cost_ratio": 2.28,
        "sga_ratio": 84.08
      },
      {
        "fiscal_year": "2016/03",
        "sales": 201700.0,
        "operating_profit": 5590.0,
        "ordinary_profit": 5890.0,
        "net_profit": 3200.0,
        "eps": -839.0,
        "roe": 32.09,
        "roa": 6.52,
        "operating_margin": 2.95,
        "cost_ratio": 2.77,
        "sga_ratio": 83.72
      },
      {
        "fiscal_year": "2017/03",
        "sales": 201200.0,
        "operating_profit": 5610.0,
        "ordinary_profit": 6270.0,
        "net_profit": 4460.0,
        "eps": 5090.0,
        "roe": 44.65,
        "roa": 8.43,
        "operating_margin": 3.96,
        "cost_ratio": 2.79,
        "sga_ratio": 83.56
      },
      {
        "fiscal_year": "2018/03",
        "sales": 216900.0,
        "operating_profit": 6390.0,
        "ordinary_profit": 6870.0,
        "net_profit": 5210.0,
        "eps": 6959.999999999999,
        "roe": 263.57,
        "roa": 8.89,
        "operating_margin": 4.36,
        "cost_ratio": 2.95,
        "sga_ratio": 83.67
      },
      {
        "fiscal_year": "2019/03",
        "sales": 218000.0,
        "operating_profit": 5700.0,
        "ordinary_profit": 6580.0,
        "net_profit": 4430.0,
        "eps": 2230.0,
        "roe": 223.92,
        "roa": 7.41,
        "operating_margin": 3.67,
        "cost_ratio": 2.61,
        "sga_ratio": 83.83
      },
      {
        "fiscal_year": "2020/03",
        "sales": 197400.0,
        "operating_profit": 3529.9999999999995,
        "ordinary_profit": 4110.0,
        "net_profit": 2710.0,
        "eps": -163.0,
        "roe": 137.11,
        "roa": 4.66,
        "operating_margin": 2.28,
        "cost_ratio": 1.79,
        "sga_ratio": 83.85
      },
      {
        "fiscal_year": "2021/03",
        "sales": 155900.0,
        "operating_profit": 2610.0,
        "ordinary_profit": 4290.0,
        "net_profit": 2010.0000000000002,
        "eps": 6990.000000000001,
        "roe": 103.54,
        "roa": 3.17,
        "operating_margin": 1.51,
        "cost_ratio": 1.67,
        "sga_ratio": 90.42
      },
      {
        "fiscal_year": "2022/03",
        "sales": 192700.0,
        "operating_profit": 9100.0,
        "ordinary_profit": 9860.0,
        "net_profit": 6370.0,
        "eps": 9620.0,
        "roe": 329.56,
        "roa": 8.89,
        "operating_margin": 4.39,
        "cost_ratio": 4.72,
        "sga_ratio": 88.53
      },
      {
        "fiscal_year": "2023/03",
        "sales": 194200.0,
        "operating_profit": 12600.0,
        "ordinary_profit": 13600.0,
        "net_profit": 10500.0,
        "eps": 12200.0,
        "roe": 540.45,
        "roa": 12.82,
        "operating_margin": 6.87,
        "cost_ratio": 6.51,
        "sga_ratio": 86.3
      },
      {
        "fiscal_year": "2024/03",
        "sales": 169900.0,
        "operating_profit": 8070.0,
        "ordinary_profit": 9460.0,
        "net_profit": 8650.0,
        "eps": 18500.0,
        "roe": 450.87,
        "roa": 8.95,
        "operating_margin": 4.96,
        "cost_ratio": 4.75,
        "sga_ratio": 86.2
      },
      {
        "fiscal_year": "2025/03",
        "sales": 183000.0,
        "operating_profit": 9100.0,
        "ordinary_profit": 9800.0,
        "net_profit": 10300.0,
        "roe": 1043.19,
        "roa": 12.15,
        "operating_margin": 6.15,
        "cost_ratio": 4.97
      }
    ],
    "dividend_data": [
      {
        "fiscal_year": "2010/03",
        "total_dividend": 7.0,
        "dividend_yield": 3.24
      },
      {
        "fiscal_year": "2011/03",
        "total_dividend": 7.0,
        "dividend_yield": 3.13
      },
      {
        "fiscal_year": "2012/03",
        "total_dividend": 7.0,
        "dividend_yield": 3.2
      },
      {
        "fiscal_year": "2013/03",
        "total_dividend": 7.0,
        "dividend_yield": 2.63
      }
    ]
  },
  {
    "code": 9193,
    "name": "東京汽船",
    "annual_data": [
      {
        "date": "2010/03/31",
        "per": 18.35,
        "pbr": 0.26,
        "is_per_red": false,
        "is_pbr_red": false
      },
      {
        "date": "2011/03/31",
        "per": 4.74,
        "pbr": 0.3,
        "is_per_red": false,
        "is_pbr_red": false
      },
      {
        "date": "2012/03/29",
        "per": 10.31,
        "pbr": 0.32,
        "is_per_red": false,
        "is_pbr_red": false
      },
      {
        "date": "2013/03/29",
        "per": 8.47,
        "pbr": 0.32,
        "is_per_red": false,
        "is_pbr_red": false
      },
      {
        "date": "2014/03/26",
        "per": 7.14,
        "pbr": 0.32,
        "is_per_red": false,
        "is_pbr_red": false
      },
      {
        "date": "2015/03/31",
        "per": 7.44,
        "pbr": 0.35,
        "is_per_red": false,
        "is_pbr_red": false
      },
      {
        "date": "2016/03/31",
        "per": 6.58,
        "pbr": 0.35,
        "is_per_red": false,
        "is_pbr_red": false
      },
      {
        "date": "2017/03/31",
        "per": 7.53,
        "pbr": 0.38,
        "is_per_red": false,
        "is_pbr_red": false
      },
      {
        "date": "2018/03/23",
        "per": 13.71,
        "pbr": 0.42,
        "is_per_red": false,
        "is_pbr_red": false
      },
      {
        "date": "2019/03/29",
        "per": 7.46,
        "pbr": 0.37,
        "is_per_red": false,
        "is_pbr_red": false
      },
      {
        "date": "2020/03/31",
        "per": 19.6,
        "pbr": 0.29,
        "is_per_red": false,
        "is_pbr_red": false
      },
      {
        "date": "2021/03/31",
        "per": -1,
        "pbr": 0.3,
        "is_per_red": true,
        "is_pbr_red": false
      },
      {
        "date": "2022/03/31",
        "per": -1,
        "pbr": 0.26,
        "is_per_red": true,
        "is_pbr_red": false
      },
      {
        "date": "2023/03/31",
        "per": 11.93,
        "pbr": 0.24,
        "is_per_red": false,
        "is_pbr_red": false
      },
      {
        "date": "2024/03/29",
        "per": 11.64,
        "pbr": 0.31,
        "is_per_red": false,
        "is_pbr_red": false
      }
    ],
    "daily_data": [],
    "financial_data": [
      {
        "fiscal_year": "2008/03",
        "sales": 14100.0,
        "operating_profit": 1000.0,
        "ordinary_profit": 1260.0,
        "net_profit": 714.0,
        "roa": 5.39,
        "operating_margin": 3.32,
        "cost_ratio": 7.1,
        "sga_ratio": 75.59
      },
      {
        "fiscal_year": "2009/03",
        "sales": 13900.0,
        "operating_profit": 701.0,
        "ordinary_profit": 1010.0,
        "net_profit": 638.0,
        "roa": 4.64,
        "operating_margin": 2.94,
        "cost_ratio": 5.05,
        "sga_ratio": 78.3
      },
      {
        "fiscal_year": "2010/03",
        "sales": 12600.0,
        "operating_profit": 475.0,
        "ordinary_profit": 810.0,
        "net_profit": 206.99999999999997,
        "roe": 20.71,
        "roa": 1.4,
        "operating_margin": 0.99,
        "cost_ratio": 3.76,
        "sga_ratio": 78.94
      },
      {
        "fiscal_year": "2011/03",
        "sales": 13100.0,
        "operating_profit": 958.0,
        "ordinary_profit": 1310.0,
        "net_profit": 990.0,
        "eps": 814.0,
        "roe": 98.86,
        "roa": 6.42,
        "operating_margin": 4.54,
        "cost_ratio": 7.34,
        "sga_ratio": 75.74
      },
      {
        "fiscal_year": "2012/03",
        "sales": 12300.0,
        "operating_profit": 527.0,
        "ordinary_profit": 863.0000000000001,
        "net_profit": 480.99999999999994,
        "eps": 514.0,
        "roe": 48.01,
        "roa": 3.06,
        "operating_margin": 2.21,
        "cost_ratio": 4.26,
        "sga_ratio": 78.86
      },
      {
        "fiscal_year": "2013/03",
        "sales": 12800.0,
        "operating_profit": 606.0,
        "ordinary_profit": 909.0,
        "net_profit": 614.0,
        "eps": 876.0,
        "roe": 61.38,
        "roa": 3.73,
        "operating_margin": 2.68,
        "cost_ratio": 4.75,
        "sga_ratio": 78.35
      },
      {
        "fiscal_year": "2014/03",
        "sales": 12700.0,
        "operating_profit": 615.0,
        "ordinary_profit": 1010.0,
        "net_profit": 767.0,
        "eps": 911.0,
        "roe": 77.01,
        "roa": 4.44,
        "operating_margin": 3.22,
        "cost_ratio": 4.83,
        "sga_ratio": 79.13
      },
      {
        "fiscal_year": "2015/03",
        "sales": 12600.0,
        "operating_profit": 662.0,
        "ordinary_profit": 1040.0,
        "net_profit": 856.0,
        "eps": 1160.0,
        "roe": 86.04,
        "roa": 4.7,
        "operating_margin": 3.46,
        "cost_ratio": 5.24,
        "sga_ratio": 78.83
      },
      {
        "fiscal_year": "2016/03",
        "sales": 12600.0,
        "operating_profit": 816.0,
        "ordinary_profit": 1190.0,
        "net_profit": 983.0,
        "eps": 718.0,
        "roe": 98.8,
        "roa": 5.25,
        "operating_margin": 3.85,
        "cost_ratio": 6.48,
        "sga_ratio": 77.33
      },
      {
        "fiscal_year": "2017/03",
        "sales": 12400.0,
        "operating_profit": 828.9999999999999,
        "ordinary_profit": 1150.0,
        "net_profit": 989.0,
        "eps": 1170.0,
        "roe": 99.42,
        "roa": 5.06,
        "operating_margin": 3.74,
        "cost_ratio": 6.68,
        "sga_ratio": 76.92
      },
      {
        "fiscal_year": "2018/03",
        "sales": 12300.0,
        "operating_profit": 641.0,
        "ordinary_profit": 1010.0,
        "net_profit": 610.0,
        "eps": 607.0,
        "roe": 61.27,
        "roa": 3.08,
        "operating_margin": 2.26,
        "cost_ratio": 5.22,
        "sga_ratio": 78.2
      },
      {
        "fiscal_year": "2019/03",
        "sales": 12700.0,
        "operating_profit": 883.0,
        "ordinary_profit": 1260.0,
        "net_profit": 1010.0,
        "eps": 998.0,
        "roe": 101.17,
        "roa": 4.91,
        "operating_margin": 3.62,
        "cost_ratio": 6.95,
        "sga_ratio": 77.51
      },
      {
        "fiscal_year": "2020/03",
        "sales": 11800.0,
        "operating_profit": 170.0,
        "ordinary_profit": 503.0,
        "net_profit": 301.0,
        "eps": -7.000000000000001,
        "roe": 30.26,
        "roa": 1.48,
        "operating_margin": 1.13,
        "cost_ratio": 1.44,
        "sga_ratio": 82.71
      },
      {
        "fiscal_year": "2021/03",
        "sales": 9890.0,
        "operating_profit": -621.0,
        "ordinary_profit": -340.0,
        "net_profit": -94.0,
        "eps": 267.0,
        "roe": -9.47,
        "roa": -1,
        "operating_margin": -1,
        "cost_ratio": -6.28,
        "sga_ratio": 88.32
      },
      {
        "fiscal_year": "2022/03",
        "sales": 10700.0,
        "operating_profit": -591.0,
        "ordinary_profit": -328.0,
        "net_profit": -193.0,
        "eps": -111.00000000000001,
        "roe": -19.4,
        "roa": -1,
        "operating_margin": -1,
        "cost_ratio": -5.52,
        "sga_ratio": 88.83
      },
      {
        "fiscal_year": "2023/03",
        "sales": 11900.0,
        "operating_profit": 93.0,
        "ordinary_profit": 438.99999999999994,
        "net_profit": 416.0,
        "eps": 691.0,
        "roe": 41.83,
        "roa": 2.01,
        "operating_margin": 1.45,
        "cost_ratio": 0.78,
        "sga_ratio": 83.51
      },
      {
        "fiscal_year": "2024/03",
        "sales": 12500.0,
        "operating_profit": 368.0,
        "ordinary_profit": 684.0,
        "net_profit": 573.0,
        "eps": 1160.0,
        "roe": 57.57,
        "roa": 2.65,
        "operating_margin": 1.97,
        "cost_ratio": 2.94,
        "sga_ratio": 81.42
      },
      {
        "fiscal_year": "2025/03",
        "sales": 12200.0,
        "operating_profit": -179.0,
        "ordinary_profit": -5.0,
        "net_profit": 2260.0,
        "roe": 227.4,
        "roa": 10.41,
        "operating_margin": 7.72,
        "cost_ratio": -1.46
      }
    ],
    "dividend_data": [
      {
        "fiscal_year": "2010/03",
        "total_dividend": 5.26
      },
      {
        "fiscal_year": "2011/03",
        "total_dividend": 4.26
      },
      {
        "fiscal_year": "2012/03",
        "total_dividend": 3.03
      },
      {
        "fiscal_year": "2013/03",
        "total_dividend": 2.88
      }
    ]
  },
  {
    "code": 9301,
    "name": "三菱倉庫",
    "annual_data": [
      {
        "date": "2010/03/31",
        "per": 33.48,
        "pbr": 1.0,
        "is_per_red": false,
        "is_pbr_red": false
      },
      {
        "date": "2011/03/31",
        "per": 23.46,
        "pbr": 0.8,
        "is_per_red": false,
        "is_pbr_red": false
      },
      {
        "date": "2012/03/30",
        "per": 22.72,
        "pbr": 0.82,
        "is_per_red": false,
        "is_pbr_red": false
      },
      {
        "date": "2013/03/29",
        "per": 35.75,
        "pbr": 1.36,
        "is_per_red": false,
        "is_pbr_red": false
      },
      {
        "date": "2014/03/31",
        "per": 29.54,
        "pbr": 1.07,
        "is_per_red": false,
        "is_pbr_red": false
      },
      {
        "date": "2015/03/31",
        "per": 35.97,
        "pbr": 1.26,
        "is_per_red": false,
        "is_pbr_red": false
      },
      {
        "date": "2016/03/31",
        "per": 27.7,
        "pbr": 1.02,
        "is_per_red": false,
        "is_pbr_red": false
      },
      {
        "date": "2017/03/31",
        "per": 25.2,
        "pbr": 0.98,
        "is_per_red": false,
        "is_pbr_red": false
      },
      {
        "date": "2018/03/30",
        "per": 18.82,
        "pbr": 0.68,
        "is_per_red": false,
        "is_pbr_red": false
      },
      {
        "date": "2019/03/29",
        "per": 23.41,
        "pbr": 0.91,
        "is_per_red": false,
        "is_pbr_red": false
      },
      {
        "date": "2020/03/31",
        "per": 15.89,
        "pbr": 0.66,
        "is_per_red": false,
        "is_pbr_red": false
      },
      {
        "date": "2021/03/31",
        "per": 7.32,
        "pbr": 0.86,
        "is_per_red": false,
        "is_pbr_red": false
      },
      {
        "date": "2022/03/31",
        "per": 13.85,
        "pbr": 0.72,
        "is_per_red": false,
        "is_pbr_red": false
      },
      {
        "date": "2023/03/31",
        "per": 9.09,
        "pbr": 0.69,
        "is_per_red": false,
        "is_pbr_red": false
      },
      {
        "date": "2024/03/29",
        "per": 13.84,
        "pbr": 0.93,
        "is_per_red": false,
        "is_pbr_red": false
      }
    ],
    "daily_data": [],
    "financial_data": [],
    "dividend_data": [
      {
        "fiscal_year": "2010/03",
        "total_dividend": 12.0,
        "dividend_yield": 2.4
      },
      {
        "fiscal_year": "2011/03",
        "total_dividend": 12.0,
        "dividend_yield": 2.4
      },
      {
        "fiscal_year": "2012/03",
        "total_dividend": 12.0,
        "dividend_yield": 2.4
      },
      {
        "fiscal_year": "2013/03",
        "total_dividend": 12.0,
        "dividend_yield": 2.4
      }
    ]
  },
  {
    "code": 9302,
    "name": "三井倉庫ホールディングス",
    "annual_data": [
      {
        "date": "2010/03/31",
        "per": 23.42,
        "pbr": 0.89,
        "is_per_red": false,
        "is_pbr_red": false
      },
      {
        "date": "2011/03/31",
        "per": 15.91,
        "pbr": 0.82,
        "is_per_red": false,
        "is_pbr_red": false
      },
      {
        "date": "2012/03/30",
        "per": 20.42,
        "pbr": 0.88,
        "is_per_red": false,
        "is_pbr_red": false
      },
      {
        "date": "2013/03/29",
        "per": 22.71,
        "pbr": 1.31,
        "is_per_red": false,
        "is_pbr_red": false
      },
      {
        "date": "2014/03/31",
        "per": 11.39,
        "pbr": 0.82,
        "is_per_red": false,
        "is_pbr_red": false
      },
      {
        "date": "2015/03/31",
        "per": 41.39,
        "pbr": 0.74,
        "is_per_red": false,
        "is_pbr_red": false
      },
      {
        "date": "2016/03/31",
        "per": 176.47,
        "pbr": 0.6,
        "is_per_red": false,
        "is_pbr_red": false
      },
      {
        "date": "2017/03/31",
        "per": -1,
        "pbr": 1.09,
        "is_per_red": true,
        "is_pbr_red": false
      },
      {
        "date": "2018/03/30",
        "per": 9.53,
        "pbr": 0.95,
        "is_per_red": false,
        "is_pbr_red": false
      },
      {
        "date": "2019/03/29",
        "per": 8.71,
        "pbr": 0.95,
        "is_per_red": false,
        "is_pbr_red": false
      },
      {
        "date": "2020/03/31",
        "per": 5.43,
        "pbr": 0.7,
        "is_per_red": false,
        "is_pbr_red": false
      },
      {
        "date": "2021/03/31",
        "per": 4.66,
        "pbr": 0.86,
        "is_per_red": false,
        "is_pbr_red": false
      },
      {
        "date": "2022/03/31",
        "per": 4.3,
        "pbr": 0.78,
        "is_per_red": false,
        "is_pbr_red": false
      },
      {
        "date": "2023/03/31",
        "per": 6.25,
        "pbr": 1.05,
        "is_per_red": false,
        "is_pbr_red": false
      },
      {
        "date": "2024/03/29",
        "per": 9.68,
        "pbr": 1.07,
        "is_per_red": false,
        "is_pbr_red": false
      }
    ],
    "daily_data": [],
    "financial_data": [],
    "dividend_data": [
      {
        "fiscal_year": "2010/03",
        "total_dividend": 9.0,
        "dividend_yield": 2.57
      },
      {
        "fiscal_year": "2011/03",
        "total_dividend": 9.0,
        "dividend_yield": 2.78
      },
      {
        "fiscal_year": "2012/03",
        "total_dividend": 9.0,
        "dividend_yield": 2.55
      },
      {
        "fiscal_year": "2013/03",
        "total_dividend": 9.0,
        "dividend_yield": 1.56
      }
    ]
  },
  {
    "code": 9303,
    "name": "住友倉庫",
    "annual_data": [
      {
        "date": "2010/03/31",
        "per": 26.5,
        "pbr": 0.74,
        "is_per_red": false,
        "is_pbr_red": false
      },
      {
        "date": "2011/03/31",
        "per": 18.01,
        "pbr": 0.73,
        "is_per_red": false,
        "is_pbr_red": false
      },
      {
        "date": "2012/03/30",
        "per": 12.85,
        "pbr": 0.73,
        "is_per_red": false,
        "is_pbr_red": false
      },
      {
        "date": "2013/03/29",
        "per": 20.19,
        "pbr": 0.94,
        "is_per_red": false,
        "is_pbr_red": false
      },
      {
        "date": "2014/03/31",
        "per": 14.43,
        "pbr": 0.61,
        "is_per_red": false,
        "is_pbr_red": false
      },
      {
        "date": "2015/03/31",
        "per": 16.65,
        "pbr": 0.72,
        "is_per_red": false,
        "is_pbr_red": false
      },
      {
        "date": "2016/03/31",
        "per": 12.67,
        "pbr": 0.63,
        "is_per_red": false,
        "is_pbr_red": false
      },
      {
        "date": "2017/03/31",
        "per": 14.02,
        "pbr": 0.64,
        "is_per_red": false,
        "is_pbr_red": false
      },
      {
        "date": "2018/03/30",
        "per": 15.19,
        "pbr": 0.68,
        "is_per_red": false,
        "is_pbr_red": false
      },
      {
        "date": "2019/03/29",
        "per": 17.48,
        "pbr": 0.66,
        "is_per_red": false,
        "is_pbr_red": false
      },
      {
        "date": "2020/03/31",
        "per": 11.19,
        "pbr": 0.6,
        "is_per_red": false,
        "is_pbr_red": false
      },
      {
        "date": "2021/03/31",
        "per": 14.46,
        "pbr": 0.64,
        "is_per_red": false,
        "is_pbr_red": false
      },
      {
        "date": "2022/03/31",
        "per": 9.48,
        "pbr": 0.91,
        "is_per_red": false,
        "is_pbr_red": false
      },
      {
        "date": "2023/03/31",
        "per": 7.74,
        "pbr": 0.79,
        "is_per_red": false,
        "is_pbr_red": false
      },
      {
        "date": "2024/03/29",
        "per": 16.24,
        "pbr": 0.79,
        "is_per_red": false,
        "is_pbr_red": false
      }
    ],
    "daily_data": [],
    "financial_data": [],
    "dividend_data": [
      {
        "fiscal_year": "2010/03",
        "total_dividend": 10.0,
        "dividend_yield": 2.41
      },
      {
        "fiscal_year": "2011/03",
        "total_dividend": 10.0,
        "dividend_yield": 2.49
      },
      {
        "fiscal_year": "2012/03",
        "total_dividend": 11.0,
        "dividend_yield": 2.58
      },
      {
        "fiscal_year": "2013/03",
        "total_dividend": 11.0,
        "dividend_yield": 1.72
      }
    ]
  },
  {
    "code": 9304,
    "name": "澁澤倉庫",
    "annual_data": [
      {
        "date": "2010/03/31",
        "per": 30.15,
        "pbr": 0.76,
        "is_per_red": false,
        "is_pbr_red": false
      },
      {
        "date": "2011/03/31",
        "per": 36.25,
        "pbr": 0.66,
        "is_per_red": false,
        "is_pbr_red": false
      },
      {
        "date": "2012/03/30",
        "per": 20.95,
        "pbr": 0.61,
        "is_per_red": false,
        "is_pbr_red": false
      },
      {
        "date": "2013/03/29",
        "per": 38.66,
        "pbr": 1.28,
        "is_per_red": false,
        "is_pbr_red": false
      },
      {
        "date": "2014/03/31",
        "per": 23.24,
        "pbr": 0.84,
        "is_per_red": false,
        "is_pbr_red": false
      },
      {
        "date": "2015/03/31",
        "per": 13.07,
        "pbr": 0.67,
        "is_per_red": false,
        "is_pbr_red": false
      },
      {
        "date": "2016/03/31",
        "per": 13.07,
        "pbr": 0.57,
        "is_per_red": false,
        "is_pbr_red": false
      },
      {
        "date": "2017/03/31",
        "per": 15.35,
        "pbr": 0.66,
        "is_per_red": false,
        "is_pbr_red": false
      },
      {
        "date": "2018/03/30",
        "per": 17.08,
        "pbr": 0.65,
        "is_per_red": false,
        "is_pbr_red": false
      },
      {
        "date": "2019/03/29",
        "per": 11.26,
        "pbr": 0.6,
        "is_per_red": false,
        "is_pbr_red": false
      },
      {
        "date": "2020/03/31",
        "per": 10.94,
        "pbr": 0.71,
        "is_per_red": false,
        "is_pbr_red": false
      },
      {
        "date": "2021/03/31",
        "per": 12.51,
        "pbr": 0.72,
        "is_per_red": false,
        "is_pbr_red": false
      },
      {
        "date": "2022/03/31",
        "per": 6.69,
        "pbr": 0.66,
        "is_per_red": false,
        "is_pbr_red": false
      },
      {
        "date": "2023/03/31",
        "per": 8.97,
        "pbr": 0.59,
        "is_per_red": false,
        "is_pbr_red": false
      },
      {
        "date": "2024/03/29",
        "per": 12.58,
        "pbr": 0.76,
        "is_per_red": false,
        "is_pbr_red": false
      }
    ],
    "daily_data": [],
    "financial_data": [],
    "dividend_data": [
      {
        "fiscal_year": "2010/03",
        "total_dividend": 6.0,
        "dividend_yield": 1.88
      },
      {
        "fiscal_year": "2011/03",
        "total_dividend": 6.0,
        "dividend_yield": 2.19
      },
      {
        "fiscal_year": "2012/03",
        "total_dividend": 6.5,
        "dividend_yield": 2.54
      },
      {
        "fiscal_year": "2013/03",
        "total_dividend": 7.0,
        "dividend_yield": 1.25
      }
    ]
  },
  {
    "code": 9306,
    "name": "東陽倉庫",
    "annual_data": [
      {
        "date": "2010/03/31",
        "per": 24.2,
        "pbr": 0.52,
        "is_per_red": false,
        "is_pbr_red": false
      },
      {
        "date": "2011/03/31",
        "per": 12.16,
        "pbr": 0.48,
        "is_per_red": false,
        "is_pbr_red": false
      },
      {
        "date": "2012/03/30",
        "per": 14.95,
        "pbr": 0.47,
        "is_per_red": false,
        "is_pbr_red": false
      },
      {
        "date": "2013/03/29",
        "per": 26.94,
        "pbr": 0.69,
        "is_per_red": false,
        "is_pbr_red": false
      },
      {
        "date": "2014/03/31",
        "per": 16.88,
        "pbr": 0.63,
        "is_per_red": false,
        "is_pbr_red": false
      },
      {
        "date": "2015/03/31",
        "per": 19.36,
        "pbr": 0.67,
        "is_per_red": false,
        "is_pbr_red": false
      },
      {
        "date": "2016/03/31",
        "per": 13.86,
        "pbr": 0.52,
        "is_per_red": false,
        "is_pbr_red": false
      },
      {
        "date": "2017/03/31",
        "per": 17.89,
        "pbr": 0.74,
        "is_per_red": false,
        "is_pbr_red": false
      },
      {
        "date": "2018/03/30",
        "per": 15.98,
        "pbr": 0.76,
        "is_per_red": false,
        "is_pbr_red": false
      },
      {
        "date": "2019/03/29",
        "per": 11.81,
        "pbr": 0.63,
        "is_per_red": false,
        "is_pbr_red": false
      },
      {
        "date": "2020/03/31",
        "per": 12.77,
        "pbr": 0.67,
        "is_per_red": false,
        "is_pbr_red": false
      },
      {
        "date": "2021/03/31",
        "per": 11.1,
        "pbr": 0.62,
        "is_per_red": false,
        "is_pbr_red": false
      },
      {
        "date": "2022/03/31",
        "per": 8.63,
        "pbr": 0.56,
        "is_per_red": false,
        "is_pbr_red": false
      },
      {
        "date": "2023/03/31",
        "per": 8.09,
        "pbr": 0.47,
        "is_per_red": false,
        "is_pbr_red": false
      },
      {
        "date": "2024/03/29",
        "per": 8.5,
        "pbr": 0.46,
        "is_per_red": false,
        "is_pbr_red": false
      }
    ],
    "daily_data": [],
    "financial_data": [],
    "dividend_data": [
      {
        "fiscal_year": "2010/03",
        "total_dividend": 6.5,
        "dividend_yield": 3.25
      },
      {
        "fiscal_year": "2011/03",
        "total_dividend": 6.5,
        "dividend_yield": 3.49
      },
      {
        "fiscal_year": "2012/03",
        "total_dividend": 6.5,
        "dividend_yield": 3.46
      },
      {
        "fiscal_year": "2013/03",
        "total_dividend": 6.5,
        "dividend_yield": 2.3
      }
    ]
  },
  {
    "code": 9307,
    "name": "杉村倉庫",
    "annual_data": [
      {
        "date": "2010/03/29",
        "per": 7.11,
        "pbr": 0.34,
        "is_per_red": false,
        "is_pbr_red": false
      },
      {
        "date": "2011/03/31",
        "per": 8.82,
        "pbr": 0.3,
        "is_per_red": false,
        "is_pbr_red": false
      },
      {
        "date": "2012/03/30",
        "per": 8.21,
        "pbr": 0.31,
        "is_per_red": false,
        "is_pbr_red": false
      },
      {
        "date": "2013/03/29",
        "per": 10.99,
        "pbr": 0.43,
        "is_per_red": false,
        "is_pbr_red": false
      },
      {
        "date": "2014/03/31",
        "per": 8.82,
        "pbr": 0.41,
        "is_per_red": false,
        "is_pbr_red": false
      },
      {
        "date": "2015/03/31",
        "per": 11.24,
        "pbr": 0.47,
        "is_per_red": false,
        "is_pbr_red": false
      },
      {
        "date": "2016/03/31",
        "per": 6.32,
        "pbr": 0.43,
        "is_per_red": false,
        "is_pbr_red": false
      },
      {
        "date": "2017/03/31",
        "per": 5.97,
        "pbr": 0.43,
        "is_per_red": false,
        "is_pbr_red": false
      },
      {
        "date": "2018/03/30",
        "per": 17.68,
        "pbr": 1.69,
        "is_per_red": false,
        "is_pbr_red": false
      },
      {
        "date": "2019/03/29",
        "per": 15.11,
        "pbr": 1.14,
        "is_per_red": false,
        "is_pbr_red": false
      },
      {
        "date": "2020/03/31",
        "per": 6.94,
        "pbr": 0.49,
        "is_per_red": false,
        "is_pbr_red": false
      },
      {
        "date": "2021/03/31",
        "per": 9.44,
        "pbr": 0.68,
        "is_per_red": false,
        "is_pbr_red": false
      },
      {
        "date": "2022/03/31",
        "per": 15.09,
        "pbr": 0.83,
        "is_per_red": false,
        "is_pbr_red": false
      },
      {
        "date": "2023/03/31",
        "per": 15.77,
        "pbr": 0.75,
        "is_per_red": false,
        "is_pbr_red": false
      },
      {
        "date": "2024/03/29",
        "per": 11.49,
        "pbr": 0.62,
        "is_per_red": false,
        "is_pbr_red": false
      }
    ],
    "daily_data": [],
    "financial_data": [],
    "dividend_data": [
      {
        "fiscal_year": "2010/03",
        "total_dividend": 6.0,
        "dividend_yield": 3.68
      },
      {
        "fiscal_year": "2011/03",
        "total_dividend": 6.0,
        "dividend_yield": 4.0
      },
      {
        "fiscal_year": "2012/03",
        "total_dividend": 6.0,
        "dividend_yield": 3.75
      },
      {
        "fiscal_year": "2013/03",
        "total_dividend": 6.0,
        "dividend_yield": 2.61
      }
    ]
  },
  {
    "code": 9310,
    "name": "日本トランスシティ",
    "annual_data": [
      {
        "date": "2010/03/31",
        "per": 9.12,
        "pbr": 0.54,
        "is_per_red": false,
        "is_pbr_red": false
      },
      {
        "date": "2011/03/31",
        "per": 8.27,
        "pbr": 0.55,
        "is_per_red": false,
        "is_pbr_red": false
      },
      {
        "date": "2012/03/30",
        "per": 6.31,
        "pbr": 0.48,
        "is_per_red": false,
        "is_pbr_red": false
      },
      {
        "date": "2013/03/29",
        "per": 13.03,
        "pbr": 0.6,
        "is_per_red": false,
        "is_pbr_red": false
      },
      {
        "date": "2014/03/31",
        "per": 7.62,
        "pbr": 0.46,
        "is_per_red": false,
        "is_pbr_red": false
      },
      {
        "date": "2015/03/31",
        "per": 8.56,
        "pbr": 0.49,
        "is_per_red": false,
        "is_pbr_red": false
      },
      {
        "date": "2016/03/31",
        "per": 8.17,
        "pbr": 0.49,
        "is_per_red": false,
        "is_pbr_red": false
      },
      {
        "date": "2017/03/31",
        "per": 7.43,
        "pbr": 0.55,
        "is_per_red": false,
        "is_pbr_red": false
      },
      {
        "date": "2018/03/30",
        "per": 14.44,
        "pbr": 0.53,
        "is_per_red": false,
        "is_pbr_red": false
      },
      {
        "date": "2019/03/29",
        "per": 10.74,
        "pbr": 0.5,
        "is_per_red": false,
        "is_pbr_red": false
      },
      {
        "date": "2020/03/31",
        "per": 9.85,
        "pbr": 0.51,
        "is_per_red": false,
        "is_pbr_red": false
      },
      {
        "date": "2021/03/31",
        "per": 7.76,
        "pbr": 0.56,
        "is_per_red": false,
        "is_pbr_red": false
      },
      {
        "date": "2022/03/31",
        "per": 6.94,
        "pbr": 0.55,
        "is_per_red": false,
        "is_pbr_red": false
      },
      {
        "date": "2023/03/31",
        "per": 6.37,
        "pbr": 0.51,
        "is_per_red": false,
        "is_pbr_red": false
      },
      {
        "date": "2024/03/29",
        "per": 9.28,
        "pbr": 0.5,
        "is_per_red": false,
        "is_pbr_red": false
      }
    ],
    "daily_data": [],
    "financial_data": [
      {
        "fiscal_year": "2008/03",
        "sales": 86500.0,
        "operating_profit": 4010.0,
        "ordinary_profit": 4090.0,
        "net_profit": 2310.0,
        "roa": 6.7,
        "operating_margin": 2.55,
        "cost_ratio": 4.63,
        "sga_ratio": 88.58
      },
      {
        "fiscal_year": "2009/03",
        "sales": 82500.0,
        "operating_profit": 2320.0,
        "ordinary_profit": 2540.0,
        "net_profit": 1450.0,
        "roa": 4.35,
        "operating_margin": 1.68,
        "cost_ratio": 2.81,
        "sga_ratio": 90.2
      },
      {
        "fiscal_year": "2010/03",
        "sales": 76400.0,
        "operating_profit": 3370.0000000000005,
        "ordinary_profit": 3560.0,
        "net_profit": 2080.0,
        "roe": 30.93,
        "roa": 5.9,
        "operating_margin": 2.35,
        "cost_ratio": 4.4,
        "sga_ratio": 88.51
      },
      {
        "fiscal_year": "2011/03",
        "sales": 80900.0,
        "operating_profit": 3850.0,
        "ordinary_profit": 4290.0,
        "net_profit": 2430.0,
        "eps": 2060.0,
        "roe": 36.15,
        "roa": 6.64,
        "operating_margin": 2.74,
        "cost_ratio": 4.77,
        "sga_ratio": 88.66
      },
      {
        "fiscal_year": "2012/03",
        "sales": 83400.0,
        "operating_profit": 4100.0,
        "ordinary_profit": 4760.0,
        "net_profit": 3000.0,
        "eps": 3620.0000000000005,
        "roe": 44.7,
        "roa": 7.58,
        "operating_margin": 3.33,
        "cost_ratio": 4.91,
        "sga_ratio": 89.11
      },
      {
        "fiscal_year": "2013/03",
        "sales": 84700.0,
        "operating_profit": 3120.0,
        "ordinary_profit": 3979.9999999999995,
        "net_profit": 1910.0000000000002,
        "eps": 2860.0,
        "roe": 28.39,
        "roa": 4.57,
        "operating_margin": 2.1,
        "cost_ratio": 3.68,
        "sga_ratio": 90.17
      },
      {
        "fiscal_year": "2014/03",
        "sales": 88600.0,
        "operating_profit": 3640.0,
        "ordinary_profit": 4410.0,
        "net_profit": 2690.0,
        "eps": 3360.0,
        "roe": 41.75,
        "roa": 6.1,
        "operating_margin": 2.81,
        "cost_ratio": 4.11,
        "sga_ratio": 89.83
      },
      {
        "fiscal_year": "2015/03",
        "sales": 92500.0,
        "operating_profit": 3110.0,
        "ordinary_profit": 4050.0,
        "net_profit": 2790.0,
        "eps": 5320.0,
        "roe": 43.36,
        "roa": 5.74,
        "operating_margin": 2.79,
        "cost_ratio": 3.36,
        "sga_ratio": 90.65
      },
      {
        "fiscal_year": "2016/03",
        "sales": 93200.0,
        "operating_profit": 3779.9999999999995,
        "ordinary_profit": 4510.0,
        "net_profit": 2960.0,
        "eps": 1510.0,
        "roe": 46.13,
        "roa": 6.0,
        "operating_margin": 3.04,
        "cost_ratio": 4.06,
        "sga_ratio": 89.95
      },
      {
        "fiscal_year": "2017/03",
        "sales": 91300.0,
        "operating_profit": 2980.0,
        "ordinary_profit": 3760.0,
        "net_profit": 4020.0000000000005,
        "eps": 5700.0,
        "roe": 62.84,
        "roa": 7.41,
        "operating_margin": 3.56,
        "cost_ratio": 3.26,
        "sga_ratio": 90.22
      },
      {
        "fiscal_year": "2018/03",
        "sales": 95600.0,
        "operating_profit": 2350.0,
        "ordinary_profit": 3120.0,
        "net_profit": 2080.0,
        "eps": 3170.0,
        "roe": 32.55,
        "roa": 3.68,
        "operating_margin": 1.72,
        "cost_ratio": 2.45,
        "sga_ratio": 91.16
      },
      {
        "fiscal_year": "2019/03",
        "sales": 100100.0,
        "operating_profit": 3350.0,
        "ordinary_profit": 4420.0,
        "net_profit": 2660.0,
        "eps": 1680.0,
        "roe": 41.44,
        "roa": 4.61,
        "operating_margin": 2.18,
        "cost_ratio": 3.34,
        "sga_ratio": 90.62
      },
      {
        "fiscal_year": "2020/03",
        "sales": 101600.0,
        "operating_profit": 3340.0,
        "ordinary_profit": 4490.0,
        "net_profit": 3030.0,
        "eps": 1980.0,
        "roe": 47.31,
        "roa": 5.16,
        "operating_margin": 2.5,
        "cost_ratio": 3.28,
        "sga_ratio": 90.68
      },
      {
        "fiscal_year": "2021/03",
        "sales": 101200.0,
        "operating_profit": 4440.0,
        "ordinary_profit": 5290.0,
        "net_profit": 4640.0,
        "eps": 6630.0,
        "roe": 72.29,
        "roa": 7.17,
        "operating_margin": 3.69,
        "cost_ratio": 4.39,
        "sga_ratio": 89.63
      },
      {
        "fiscal_year": "2022/03",
        "sales": 116800.0,
        "operating_profit": 6670.0,
        "ordinary_profit": 8370.0,
        "net_profit": 5600.0,
        "eps": 6360.0,
        "roe": 87.13,
        "roa": 7.97,
        "operating_margin": 4.31,
        "cost_ratio": 5.71,
        "sga_ratio": 88.89
      },
      {
        "fiscal_year": "2023/03",
        "sales": 134100.0,
        "operating_profit": 7250.0,
        "ordinary_profit": 9000.0,
        "net_profit": 6160.0,
        "eps": 7709.999999999999,
        "roe": 95.72,
        "roa": 8.03,
        "operating_margin": 4.49,
        "cost_ratio": 5.41,
        "sga_ratio": 89.55
      },
      {
        "fiscal_year": "2024/03",
        "sales": 122600.0,
        "operating_profit": 6240.0,
        "ordinary_profit": 7350.0,
        "net_profit": 4630.0,
        "eps": 10700.0,
        "roe": 72.53,
        "roa": 5.42,
        "operating_margin": 2.89,
        "cost_ratio": 5.09,
        "sga_ratio": 88.99
      },
      {
        "fiscal_year": "2025/03",
        "sales": 124000.0,
        "operating_profit": 6800.0,
        "ordinary_profit": 7800.0,
        "net_profit": 5400.0,
        "roe": 85.44,
        "roa": 6.11,
        "operating_margin": 3.31,
        "cost_ratio": 5.48
      }
    ],
    "dividend_data": [
      {
        "fiscal_year": "2010/03",
        "total_dividend": 8.5,
        "dividend_yield": 3.01
      },
      {
        "fiscal_year": "2011/03",
        "total_dividend": 8.5,
        "dividend_yield": 2.84
      },
      {
        "fiscal_year": "2012/03",
        "total_dividend": 9.0,
        "dividend_yield": 3.19
      },
      {
        "fiscal_year": "2013/03",
        "total_dividend": 9.0,
        "dividend_yield": 2.43
      }
    ]
  },
  {
    "code": 9311,
    "name": "アサガミ",
    "annual_data": [
      {
        "date": "2010/03/29",
        "per": 5.6,
        "pbr": 0.44,
        "is_per_red": false,
        "is_pbr_red": false
      },
      {
        "date": "2011/03/31",
        "per": 68.59,
        "pbr": 0.41,
        "is_per_red": false,
        "is_pbr_red": false
      },
      {
        "date": "2012/03/30",
        "per": 15.46,
        "pbr": 0.42,
        "is_per_red": false,
        "is_pbr_red": false
      },
      {
        "date": "2013/03/29",
        "per": 7.06,
        "pbr": 0.49,
        "is_per_red": false,
        "is_pbr_red": false
      },
      {
        "date": "2014/03/31",
        "per": 8.3,
        "pbr": 0.49,
        "is_per_red": false,
        "is_pbr_red": false
      },
      {
        "date": "2015/03/31",
        "per": 6.53,
        "pbr": 0.42,
        "is_per_red": false,
        "is_pbr_red": false
      },
      {
        "date": "2016/03/31",
        "per": 21.97,
        "pbr": 0.39,
        "is_per_red": false,
        "is_pbr_red": false
      },
      {
        "date": "2017/03/31",
        "per": 4.73,
        "pbr": 0.4,
        "is_per_red": false,
        "is_pbr_red": false
      },
      {
        "date": "2018/03/26",
        "per": 6.83,
        "pbr": 0.43,
        "is_per_red": false,
        "is_pbr_red": false
      },
      {
        "date": "2019/03/26",
        "per": 5.79,
        "pbr": 0.33,
        "is_per_red": false,
        "is_pbr_red": false
      },
      {
        "date": "2020/03/30",
        "per": 7.27,
        "pbr": 0.27,
        "is_per_red": false,
        "is_pbr_red": false
      },
      {
        "date": "2021/03/29",
        "per": 37.33,
        "pbr": 0.33,
        "is_per_red": false,
        "is_pbr_red": false
      },
      {
        "date": "2022/03/31",
        "per": 4.74,
        "pbr": 0.33,
        "is_per_red": false,
        "is_pbr_red": false
      },
      {
        "date": "2023/03/24",
        "per": 6.41,
        "pbr": 0.34,
        "is_per_red": false,
        "is_pbr_red": false
      },
      {
        "date": "2024/03/25",
        "per": 9.23,
        "pbr": 0.39,
        "is_per_red": false,
        "is_pbr_red": false
      }
    ],
    "daily_data": [],
    "financial_data": [
      {
        "fiscal_year": "2008/03",
        "sales": 49700.0,
        "operating_profit": 3620.0000000000005,
        "ordinary_profit": 2940.0,
        "net_profit": 1180.0,
        "roa": 11.42,
        "operating_margin": 1.89,
        "cost_ratio": 7.28,
        "sga_ratio": 81.1
      },
      {
        "fiscal_year": "2009/03",
        "sales": 52300.0,
        "operating_profit": 2460.0,
        "ordinary_profit": 1860.0000000000002,
        "net_profit": 96.0,
        "roa": 0.98,
        "operating_margin": 0.16,
        "cost_ratio": 4.71,
        "sga_ratio": 79.83
      },
      {
        "fiscal_year": "2010/03",
        "sales": 44500.0,
        "operating_profit": 2110.0,
        "ordinary_profit": 1600.0,
        "net_profit": 826.0,
        "roe": 58.22,
        "roa": 7.9,
        "operating_margin": 1.44,
        "cost_ratio": 4.73,
        "sga_ratio": 78.45
      },
      {
        "fiscal_year": "2011/03",
        "sales": 43300.0,
        "operating_profit": 1370.0,
        "ordinary_profit": 988.0000000000001,
        "net_profit": 62.0,
        "eps": -100.0,
        "roe": 4.36,
        "roa": 0.6,
        "operating_margin": 0.11,
        "cost_ratio": 3.15,
        "sga_ratio": 79.28
      },
      {
        "fiscal_year": "2012/03",
        "sales": 42700.0,
        "operating_profit": 1360.0,
        "ordinary_profit": 1019.9999999999999,
        "net_profit": 293.0,
        "eps": 758.0,
        "roe": 20.7,
        "roa": 2.7,
        "operating_margin": 0.53,
        "cost_ratio": 3.18,
        "sga_ratio": 78.71
      },
      {
        "fiscal_year": "2013/03",
        "sales": 44300.0,
        "operating_profit": 1770.0,
        "ordinary_profit": 1470.0,
        "net_profit": 819.0,
        "eps": 1140.0,
        "roe": 57.75,
        "roa": 6.9,
        "operating_margin": 1.52,
        "cost_ratio": 3.99,
        "sga_ratio": 78.76
      },
      {
        "fiscal_year": "2014/03",
        "sales": 45800.0,
        "operating_profit": 2000.0,
        "ordinary_profit": 1700.0,
        "net_profit": 725.0,
        "eps": 611.0,
        "roe": 51.19,
        "roa": 5.92,
        "operating_margin": 1.36,
        "cost_ratio": 4.37,
        "sga_ratio": 78.67
      },
      {
        "fiscal_year": "2015/03",
        "sales": 46800.0,
        "operating_profit": 1730.0,
        "ordinary_profit": 1570.0,
        "net_profit": 877.9999999999999,
        "eps": 1340.0,
        "roe": 62.07,
        "roa": 6.5,
        "operating_margin": 1.66,
        "cost_ratio": 3.69,
        "sga_ratio": 79.11
      },
      {
        "fiscal_year": "2016/03",
        "sales": 45800.0,
        "operating_profit": 1680.0,
        "ordinary_profit": 1520.0,
        "net_profit": 242.0,
        "eps": 264.0,
        "roe": 17.12,
        "roa": 1.78,
        "operating_margin": 0.49,
        "cost_ratio": 3.67,
        "sga_ratio": 78.45
      },
      {
        "fiscal_year": "2017/03",
        "sales": 45400.0,
        "operating_profit": 2100.0,
        "ordinary_profit": 2050.0,
        "net_profit": 1280.0,
        "eps": 1520.0,
        "roe": 90.22,
        "roa": 8.51,
        "operating_margin": 2.53,
        "cost_ratio": 4.63,
        "sga_ratio": 77.76
      },
      {
        "fiscal_year": "2018/03",
        "sales": 46700.0,
        "operating_profit": 1939.9999999999998,
        "ordinary_profit": 1910.0000000000002,
        "net_profit": 1019.9999999999999,
        "eps": 1120.0,
        "roe": 718.47,
        "roa": 6.37,
        "operating_margin": 2.01,
        "cost_ratio": 4.15,
        "sga_ratio": 78.64
      },
      {
        "fiscal_year": "2019/03",
        "sales": 45800.0,
        "operating_profit": 1650.0,
        "ordinary_profit": 1620.0,
        "net_profit": 940.0,
        "eps": 686.0,
        "roe": 664.59,
        "roa": 5.7,
        "operating_margin": 1.92,
        "cost_ratio": 3.59,
        "sga_ratio": 78.45
      },
      {
        "fiscal_year": "2020/03",
        "sales": 44900.0,
        "operating_profit": 1730.0,
        "ordinary_profit": 1780.0,
        "net_profit": 622.0,
        "eps": 419.00000000000006,
        "roe": 439.75,
        "roa": 3.72,
        "operating_margin": 1.3,
        "cost_ratio": 3.85,
        "sga_ratio": 78.54
      },
      {
        "fiscal_year": "2021/03",
        "sales": 38800.0,
        "operating_profit": 645.0,
        "ordinary_profit": 973.0,
        "net_profit": 148.0,
        "eps": 411.00000000000006,
        "roe": 104.47,
        "roa": 0.87,
        "operating_margin": 0.31,
        "cost_ratio": 1.66,
        "sga_ratio": 80.66
      },
      {
        "fiscal_year": "2022/03",
        "sales": 41500.0,
        "operating_profit": 1980.0,
        "ordinary_profit": 2160.0,
        "net_profit": 1260.0,
        "eps": 1240.0,
        "roe": 893.33,
        "roa": 7.01,
        "operating_margin": 2.71,
        "cost_ratio": 4.78,
        "sga_ratio": 79.71
      },
      {
        "fiscal_year": "2023/03",
        "sales": 41100.0,
        "operating_profit": 1680.0,
        "ordinary_profit": 1870.0,
        "net_profit": 997.0000000000001,
        "eps": 1090.0,
        "roe": 704.71,
        "roa": 5.26,
        "operating_margin": 2.2,
        "cost_ratio": 4.08,
        "sga_ratio": 79.82
      },
      {
        "fiscal_year": "2024/03",
        "sales": 39600.0,
        "operating_profit": 1540.0,
        "ordinary_profit": 1639.9999999999998,
        "net_profit": 858.0,
        "eps": 1340.0,
        "roe": 606.79,
        "roa": 4.27,
        "operating_margin": 1.88,
        "cost_ratio": 3.88,
        "sga_ratio": 79.43
      },
      {
        "fiscal_year": "2025/03",
        "sales": 40000.0,
        "operating_profit": 1750.0,
        "ordinary_profit": 1789.9999999999998,
        "net_profit": 1060.0,
        "roe": 745.83,
        "roa": 5.42,
        "operating_margin": 2.23,
        "cost_ratio": 4.37
      }
    ],
    "dividend_data": [
      {
        "fiscal_year": "2010/03",
        "total_dividend": 2.45
      },
      {
        "fiscal_year": "2011/03",
        "total_dividend": 2.68
      },
      {
        "fiscal_year": "2012/03",
        "total_dividend": 2.5
      },
      {
        "fiscal_year": "2013/03",
        "total_dividend": 1.96
      },
      {
        "fiscal_year": "2014/03",
        "total_dividend": 1.88
      },
      {
        "fiscal_year": "2021/03",
        "total_dividend": 3.08
      },
      {
        "fiscal_year": "2022/03",
        "total_dividend": 2.84
      },
      {
        "fiscal_year": "2023/03",
        "total_dividend": 2.65
      },
      {
        "fiscal_year": "2024/03",
        "total_dividend": 2.14
      },
      {
        "fiscal_year": "2025/03"
      }
    ]
  },
  {
    "code": 9312,
    "name": "ケイヒン",
    "annual_data": [
      {
        "date": "2010/03/31",
        "per": 19.4,
        "pbr": 0.55,
        "is_per_red": false,
        "is_pbr_red": false
      },
      {
        "date": "2011/03/31",
        "per": 607.84,
        "pbr": 0.5,
        "is_per_red": false,
        "is_pbr_red": false
      },
      {
        "date": "2012/03/30",
        "per": 11.88,
        "pbr": 0.62,
        "is_per_red": false,
        "is_pbr_red": false
      },
      {
        "date": "2013/03/29",
        "per": 20.56,
        "pbr": 0.94,
        "is_per_red": false,
        "is_pbr_red": false
      },
      {
        "date": "2014/03/31",
        "per": 16.45,
        "pbr": 0.74,
        "is_per_red": false,
        "is_pbr_red": false
      },
      {
        "date": "2015/03/31",
        "per": 41.58,
        "pbr": 0.84,
        "is_per_red": false,
        "is_pbr_red": false
      },
      {
        "date": "2016/03/31",
        "per": 9.91,
        "pbr": 0.62,
        "is_per_red": false,
        "is_pbr_red": false
      },
      {
        "date": "2017/03/31",
        "per": 20.36,
        "pbr": 0.66,
        "is_per_red": false,
        "is_pbr_red": false
      },
      {
        "date": "2018/03/30",
        "per": 9.55,
        "pbr": 0.65,
        "is_per_red": false,
        "is_pbr_red": false
      },
      {
        "date": "2019/03/29",
        "per": 7.4,
        "pbr": 0.52,
        "is_per_red": false,
        "is_pbr_red": false
      },
      {
        "date": "2020/03/31",
        "per": 5.19,
        "pbr": 0.41,
        "is_per_red": false,
        "is_pbr_red": false
      },
      {
        "date": "2021/03/31",
        "per": 5.23,
        "pbr": 0.46,
        "is_per_red": false,
        "is_pbr_red": false
      },
      {
        "date": "2022/03/31",
        "per": 4.28,
        "pbr": 0.45,
        "is_per_red": false,
        "is_pbr_red": false
      },
      {
        "date": "2023/03/31",
        "per": 3.96,
        "pbr": 0.44,
        "is_per_red": false,
        "is_pbr_red": false
      },
      {
        "date": "2024/03/29",
        "per": 6.45,
        "pbr": 0.47,
        "is_per_red": false,
        "is_pbr_red": false
      }
    ],
    "daily_data": [],
    "financial_data": [
      {
        "fiscal_year": "2009/03",
        "sales": 41100.0,
        "operating_profit": 1210.0,
        "ordinary_profit": 833.0,
        "net_profit": -45.0,
        "roa": -1,
        "operating_margin": -1,
        "cost_ratio": 2.93,
        "sga_ratio": 92.7
      },
      {
        "fiscal_year": "2010/03",
        "sales": 36300.0,
        "operating_profit": 896.0000000000001,
        "ordinary_profit": 476.99999999999994,
        "net_profit": 347.0,
        "roe": 5.31,
        "roa": 2.83,
        "operating_margin": 0.79,
        "cost_ratio": 2.47,
        "sga_ratio": 92.96
      },
      {
        "fiscal_year": "2011/03",
        "sales": 39100.0,
        "operating_profit": 886.9999999999999,
        "ordinary_profit": 539.0,
        "net_profit": 10.0,
        "eps": 55.00000000000001,
        "roe": 0.15,
        "roa": 0.08,
        "operating_margin": 0.02,
        "cost_ratio": 2.27,
        "sga_ratio": 93.59
      },
      {
        "fiscal_year": "2012/03",
        "sales": 40900.0,
        "operating_profit": 1180.0,
        "ordinary_profit": 833.0,
        "net_profit": 660.0,
        "eps": 539.0,
        "roe": 10.1,
        "roa": 5.19,
        "operating_margin": 1.53,
        "cost_ratio": 2.89,
        "sga_ratio": 92.95
      },
      {
        "fiscal_year": "2013/03",
        "sales": 41500.0,
        "operating_profit": 1240.0,
        "ordinary_profit": 994.0,
        "net_profit": 623.0,
        "eps": 1160.0,
        "roe": 9.53,
        "roa": 4.55,
        "operating_margin": 1.42,
        "cost_ratio": 2.99,
        "sga_ratio": 92.75
      },
      {
        "fiscal_year": "2014/03",
        "sales": 44300.0,
        "operating_profit": 1230.0,
        "ordinary_profit": 1100.0,
        "net_profit": 635.0,
        "eps": 741.0,
        "roe": 9.72,
        "roa": 4.5,
        "operating_margin": 1.42,
        "cost_ratio": 2.76,
        "sga_ratio": 93.26
      },
      {
        "fiscal_year": "2015/03",
        "sales": 47800.0,
        "operating_profit": 1830.0,
        "ordinary_profit": 1710.0000000000002,
        "net_profit": 300.0,
        "eps": 936.0,
        "roe": 4.59,
        "roa": 2.03,
        "operating_margin": 0.66,
        "cost_ratio": 3.82,
        "sga_ratio": 92.46
      },
      {
        "fiscal_year": "2016/03",
        "sales": 45800.0,
        "operating_profit": 1460.0,
        "ordinary_profit": 1280.0,
        "net_profit": 928.9999999999999,
        "eps": 303.0,
        "roe": 14.23,
        "roa": 6.26,
        "operating_margin": 2.23,
        "cost_ratio": 3.19,
        "sga_ratio": 92.96
      },
      {
        "fiscal_year": "2017/03",
        "sales": 42400.0,
        "operating_profit": 996.0000000000001,
        "ordinary_profit": 872.0000000000001,
        "net_profit": 509.99999999999994,
        "eps": 1150.0,
        "roe": 7.81,
        "roa": 3.26,
        "operating_margin": 1.21,
        "cost_ratio": 2.35,
        "sga_ratio": 93.26
      },
      {
        "fiscal_year": "2018/03",
        "sales": 45500.0,
        "operating_profit": 1430.0,
        "ordinary_profit": 1370.0,
        "net_profit": 1140.0,
        "eps": 1380.0,
        "roe": 174.75,
        "roa": 6.83,
        "operating_margin": 2.68,
        "cost_ratio": 3.15,
        "sga_ratio": 92.65
      },
      {
        "fiscal_year": "2019/03",
        "sales": 49600.0,
        "operating_profit": 1650.0,
        "ordinary_profit": 1739.9999999999998,
        "net_profit": 1210.0,
        "eps": 841.0,
        "roe": 185.78,
        "roa": 7.04,
        "operating_margin": 2.95,
        "cost_ratio": 3.34,
        "sga_ratio": 92.89
      },
      {
        "fiscal_year": "2020/03",
        "sales": 47700.0,
        "operating_profit": 1900.0,
        "ordinary_profit": 1950.0,
        "net_profit": 1420.0,
        "eps": 1270.0,
        "roe": 217.49,
        "roa": 7.82,
        "operating_margin": 3.42,
        "cost_ratio": 3.98,
        "sga_ratio": 91.97
      },
      {
        "fiscal_year": "2021/03",
        "sales": 48200.0,
        "operating_profit": 2430.0,
        "ordinary_profit": 2520.0,
        "net_profit": 1750.0,
        "eps": 1830.0,
        "roe": 267.88,
        "roa": 8.89,
        "operating_margin": 4.11,
        "cost_ratio": 5.04,
        "sga_ratio": 91.03
      },
      {
        "fiscal_year": "2022/03",
        "sales": 54100.0,
        "operating_profit": 3140.0,
        "ordinary_profit": 3290.0,
        "net_profit": 2260.0,
        "eps": 2190.0,
        "roe": 346.61,
        "roa": 10.53,
        "operating_margin": 5.39,
        "cost_ratio": 5.8,
        "sga_ratio": 90.61
      },
      {
        "fiscal_year": "2023/03",
        "sales": 59800.0,
        "operating_profit": 3820.0000000000005,
        "ordinary_profit": 3960.0,
        "net_profit": 2700.0,
        "eps": 3290.0,
        "roe": 414.16,
        "roa": 11.06,
        "operating_margin": 6.09,
        "cost_ratio": 6.39,
        "sga_ratio": 90.3
      },
      {
        "fiscal_year": "2024/03",
        "sales": 46500.0,
        "operating_profit": 2670.0,
        "ordinary_profit": 2990.0,
        "net_profit": 2050.0,
        "eps": 4240.0,
        "roe": 313.84,
        "roa": 7.26,
        "operating_margin": 4.14,
        "cost_ratio": 5.74,
        "sga_ratio": 89.95
      },
      {
        "fiscal_year": "2025/03",
        "sales": 50000.0,
        "operating_profit": 2900.0,
        "ordinary_profit": 3000.0,
        "net_profit": 2100.0,
        "roe": 321.66,
        "roa": 7.25,
        "operating_margin": 4.1,
        "cost_ratio": 5.8
      }
    ],
    "dividend_data": [
      {
        "fiscal_year": "2010/03",
        "total_dividend": 0.97
      },
      {
        "fiscal_year": "2011/03",
        "total_dividend": 1.08
      },
      {
        "fiscal_year": "2012/03",
        "total_dividend": 2.5
      },
      {
        "fiscal_year": "2013/03",
        "total_dividend": 1.53
      }
    ]
  },
  {
    "code": 9313,
    "name": "丸八倉庫",
    "annual_data": [
      {
        "date": "2010/11/30",
        "per": 8.83,
        "pbr": 0.36,
        "is_per_red": false,
        "is_pbr_red": false
      },
      {
        "date": "2011/11/30",
        "per": 15.73,
        "pbr": 0.32,
        "is_per_red": false,
        "is_pbr_red": false
      },
      {
        "date": "2012/11/30",
        "per": 7.82,
        "pbr": 0.35,
        "is_per_red": false,
        "is_pbr_red": false
      },
      {
        "date": "2013/11/29",
        "per": 10.47,
        "pbr": 0.59,
        "is_per_red": false,
        "is_pbr_red": false
      },
      {
        "date": "2014/11/28",
        "per": 12.22,
        "pbr": 0.67,
        "is_per_red": false,
        "is_pbr_red": false
      },
      {
        "date": "2015/11/30",
        "per": 4.94,
        "pbr": 0.74,
        "is_per_red": false,
        "is_pbr_red": false
      },
      {
        "date": "2016/11/30",
        "per": 13.51,
        "pbr": 0.67,
        "is_per_red": false,
        "is_pbr_red": false
      },
      {
        "date": "2017/11/30",
        "per": 13.18,
        "pbr": 0.56,
        "is_per_red": false,
        "is_pbr_red": false
      },
      {
        "date": "2018/11/30",
        "per": 11.95,
        "pbr": 0.5,
        "is_per_red": false,
        "is_pbr_red": false
      },
      {
        "date": "2019/11/29",
        "per": 9.81,
        "pbr": 0.46,
        "is_per_red": false,
        "is_pbr_red": false
      },
      {
        "date": "2020/11/30",
        "per": 8.7,
        "pbr": 0.42,
        "is_per_red": false,
        "is_pbr_red": false
      },
      {
        "date": "2021/11/30",
        "per": 8.06,
        "pbr": 0.4,
        "is_per_red": false,
        "is_pbr_red": false
      },
      {
        "date": "2022/11/30",
        "per": 10.75,
        "pbr": 0.36,
        "is_per_red": false,
        "is_pbr_red": false
      },
      {
        "date": "2023/11/30",
        "per": 9.91,
        "pbr": 0.37,
        "is_per_red": false,
        "is_pbr_red": false
      }
    ],
    "daily_data": [],
    "financial_data": [
      {
        "fiscal_year": "2008/11",
        "sales": 4940.0,
        "operating_profit": 619.0,
        "ordinary_profit": 532.0,
        "net_profit": 213.0,
        "roa": 3.17,
        "operating_margin": 1.37,
        "cost_ratio": 12.52,
        "sga_ratio": 74.48
      },
      {
        "fiscal_year": "2009/11",
        "sales": 5070.0,
        "operating_profit": 450.0,
        "ordinary_profit": 377.0,
        "net_profit": 180.0,
        "roa": 2.66,
        "operating_margin": 1.21,
        "cost_ratio": 8.87,
        "sga_ratio": 78.65
      },
      {
        "fiscal_year": "2010/11",
        "sales": 5010.0,
        "operating_profit": 579.0,
        "ordinary_profit": 502.0,
        "net_profit": 286.0,
        "roe": 19.6,
        "roa": 4.14,
        "operating_margin": 2.0,
        "cost_ratio": 11.56,
        "sga_ratio": 76.19
      },
      {
        "fiscal_year": "2011/11",
        "sales": 4710.0,
        "operating_profit": 573.0,
        "ordinary_profit": 520.0,
        "net_profit": 143.0,
        "eps": 125.0,
        "roe": 9.79,
        "roa": 2.06,
        "operating_margin": 1.07,
        "cost_ratio": 12.15,
        "sga_ratio": 75.5
      },
      {
        "fiscal_year": "2012/11",
        "sales": 4920.0,
        "operating_profit": 704.0,
        "ordinary_profit": 664.0,
        "net_profit": 321.0,
        "eps": 332.0,
        "roe": 22.0,
        "roa": 4.48,
        "operating_margin": 2.44,
        "cost_ratio": 14.32,
        "sga_ratio": 73.66
      },
      {
        "fiscal_year": "2013/11",
        "sales": 4880.0,
        "operating_profit": 730.0,
        "ordinary_profit": 698.0,
        "net_profit": 429.0,
        "eps": 504.0,
        "roe": 29.41,
        "roa": 5.66,
        "operating_margin": 3.42,
        "cost_ratio": 14.96,
        "sga_ratio": 72.89
      },
      {
        "fiscal_year": "2014/11",
        "sales": 4930.0,
        "operating_profit": 726.0,
        "ordinary_profit": 711.0,
        "net_profit": 437.0,
        "eps": 515.0,
        "roe": 29.96,
        "roa": 5.48,
        "operating_margin": 3.51,
        "cost_ratio": 14.73,
        "sga_ratio": 72.74
      },
      {
        "fiscal_year": "2015/11",
        "sales": 4750.0,
        "operating_profit": 444.0,
        "ordinary_profit": 441.0,
        "net_profit": 1410.0,
        "eps": 1460.0,
        "roe": 96.36,
        "roa": 15.07,
        "operating_margin": 11.1,
        "cost_ratio": 9.34,
        "sga_ratio": 77.9
      },
      {
        "fiscal_year": "2016/11",
        "sales": 4910.0,
        "operating_profit": 653.0,
        "ordinary_profit": 635.0,
        "net_profit": 480.0,
        "eps": 480.99999999999994,
        "roe": 65.88,
        "roa": 4.96,
        "operating_margin": 3.41,
        "cost_ratio": 13.31,
        "sga_ratio": 75.35
      },
      {
        "fiscal_year": "2017/11",
        "sales": 4680.0,
        "operating_profit": 476.0,
        "ordinary_profit": 484.0,
        "net_profit": 483.0,
        "eps": 723.0,
        "roe": 66.23,
        "roa": 5.35,
        "operating_margin": 3.27,
        "cost_ratio": 10.19,
        "sga_ratio": 76.38
      },
      {
        "fiscal_year": "2018/11",
        "sales": 5000.0,
        "operating_profit": 600.0,
        "ordinary_profit": 562.0,
        "net_profit": 382.0,
        "eps": 204.99999999999997,
        "roe": 65.43,
        "roa": 4.18,
        "operating_margin": 2.38,
        "cost_ratio": 12.02,
        "sga_ratio": 75.63
      },
      {
        "fiscal_year": "2019/11",
        "sales": 5040.0,
        "operating_profit": 701.0,
        "ordinary_profit": 658.0,
        "net_profit": 438.0,
        "eps": 420.0,
        "roe": 74.85,
        "roa": 4.58,
        "operating_margin": 2.73,
        "cost_ratio": 13.92,
        "sga_ratio": 74.61
      },
      {
        "fiscal_year": "2020/11",
        "sales": 4920.0,
        "operating_profit": 773.0,
        "ordinary_profit": 738.0,
        "net_profit": 474.0,
        "eps": 415.00000000000006,
        "roe": 79.57,
        "roa": 4.81,
        "operating_margin": 2.79,
        "cost_ratio": 15.72,
        "sga_ratio": 73.03
      },
      {
        "fiscal_year": "2021/11",
        "sales": 4820.0,
        "operating_profit": 741.0,
        "ordinary_profit": 734.0,
        "net_profit": 505.99999999999994,
        "eps": 534.0,
        "roe": 84.99,
        "roa": 4.92,
        "operating_margin": 2.75,
        "cost_ratio": 15.37,
        "sga_ratio": 73.1
      },
      {
        "fiscal_year": "2022/11",
        "sales": 4760.0,
        "operating_profit": 572.0,
        "ordinary_profit": 578.0,
        "net_profit": 360.0,
        "eps": 426.99999999999994,
        "roe": 60.53,
        "roa": 3.4,
        "operating_margin": 1.96,
        "cost_ratio": 12.01,
        "sga_ratio": 75.43
      },
      {
        "fiscal_year": "2023/11",
        "sales": 4970.0,
        "operating_profit": 574.0,
        "ordinary_profit": 585.0,
        "net_profit": 412.0,
        "eps": 554.0,
        "roe": 69.61,
        "roa": 3.72,
        "operating_margin": 2.25,
        "cost_ratio": 11.55,
        "sga_ratio": 76.69
      },
      {
        "fiscal_year": "2024/11",
        "sales": 5100.0,
        "operating_profit": 600.0,
        "ordinary_profit": 585.0,
        "net_profit": 900.0,
        "roe": 123.29,
        "roa": 7.84,
        "operating_margin": 4.98,
        "cost_ratio": 11.76
      }
    ],
    "dividend_data": [
      {
        "fiscal_year": "2010/03",
        "total_dividend": 4.05
      },
      {
        "fiscal_year": "2011/03",
        "total_dividend": 4.55
      },
      {
        "fiscal_year": "2012/03",
        "total_dividend": 4.07
      }
    ]
  },
  {
    "code": 9319,
    "name": "中央倉庫",
    "annual_data": [
      {
        "date": "2010/03/31",
        "per": 17.36,
        "pbr": 0.41,
        "is_per_red": false,
        "is_pbr_red": false
      },
      {
        "date": "2011/03/31",
        "per": 18.94,
        "pbr": 0.38,
        "is_per_red": false,
        "is_pbr_red": false
      },
      {
        "date": "2012/03/30",
        "per": 14.97,
        "pbr": 0.39,
        "is_per_red": false,
        "is_pbr_red": false
      },
      {
        "date": "2013/03/29",
        "per": 19.29,
        "pbr": 0.49,
        "is_per_red": false,
        "is_pbr_red": false
      },
      {
        "date": "2014/03/31",
        "per": 23.59,
        "pbr": 0.53,
        "is_per_red": false,
        "is_pbr_red": false
      },
      {
        "date": "2015/03/31",
        "per": 20.1,
        "pbr": 0.52,
        "is_per_red": false,
        "is_pbr_red": false
      },
      {
        "date": "2016/03/31",
        "per": 13.05,
        "pbr": 0.51,
        "is_per_red": false,
        "is_pbr_red": false
      },
      {
        "date": "2017/03/31",
        "per": 18.15,
        "pbr": 0.56,
        "is_per_red": false,
        "is_pbr_red": false
      },
      {
        "date": "2018/03/30",
        "per": 16.94,
        "pbr": 0.55,
        "is_per_red": false,
        "is_pbr_red": false
      },
      {
        "date": "2019/03/29",
        "per": 23.31,
        "pbr": 0.5,
        "is_per_red": false,
        "is_pbr_red": false
      },
      {
        "date": "2020/03/31",
        "per": 18.93,
        "pbr": 0.59,
        "is_per_red": false,
        "is_pbr_red": false
      },
      {
        "date": "2021/03/31",
        "per": 16.42,
        "pbr": 0.53,
        "is_per_red": false,
        "is_pbr_red": false
      },
      {
        "date": "2022/03/31",
        "per": 13.89,
        "pbr": 0.46,
        "is_per_red": false,
        "is_pbr_red": false
      },
      {
        "date": "2023/03/31",
        "per": 12.03,
        "pbr": 0.48,
        "is_per_red": false,
        "is_pbr_red": false
      },
      {
        "date": "2024/03/29",
        "per": 12.84,
        "pbr": 0.48,
        "is_per_red": false,
        "is_pbr_red": false
      }
    ],
    "daily_data": [],
    "financial_data": [],
    "dividend_data": [
      {
        "fiscal_year": "2010/03",
        "total_dividend": 22.5,
        "dividend_yield": 3.44
      },
      {
        "fiscal_year": "2011/03",
        "total_dividend": 22.5,
        "dividend_yield": 3.74
      },
      {
        "fiscal_year": "2012/03",
        "total_dividend": 22.5,
        "dividend_yield": 3.59
      },
      {
        "fiscal_year": "2013/03",
        "total_dividend": 23.5,
        "dividend_yield": 2.78
      }
    ]
  },
  {
    "code": 9322,
    "name": "川西倉庫",
    "annual_data": [
      {
        "date": "2010/03/25",
        "per": -1,
        "pbr": 0.33,
        "is_per_red": true,
        "is_pbr_red": false
      },
      {
        "date": "2011/03/31",
        "per": 38.61,
        "pbr": 0.24,
        "is_per_red": false,
        "is_pbr_red": false
      },
      {
        "date": "2012/03/22",
        "per": 25.18,
        "pbr": 0.28,
        "is_per_red": false,
        "is_pbr_red": false
      },
      {
        "date": "2013/03/29",
        "per": 28.98,
        "pbr": 0.34,
        "is_per_red": false,
        "is_pbr_red": false
      },
      {
        "date": "2014/03/31",
        "per": 17.07,
        "pbr": 0.29,
        "is_per_red": false,
        "is_pbr_red": false
      },
      {
        "date": "2015/03/30",
        "per": -1,
        "pbr": 0.3,
        "is_per_red": true,
        "is_pbr_red": false
      },
      {
        "date": "2016/03/31",
        "per": 24.05,
        "pbr": 0.42,
        "is_per_red": false,
        "is_pbr_red": false
      },
      {
        "date": "2017/03/31",
        "per": 22.16,
        "pbr": 0.51,
        "is_per_red": false,
        "is_pbr_red": false
      },
      {
        "date": "2018/03/30",
        "per": 28.33,
        "pbr": 0.84,
        "is_per_red": false,
        "is_pbr_red": false
      },
      {
        "date": "2019/03/29",
        "per": 30.81,
        "pbr": 0.61,
        "is_per_red": false,
        "is_pbr_red": false
      },
      {
        "date": "2020/03/31",
        "per": 28.61,
        "pbr": 0.42,
        "is_per_red": false,
        "is_pbr_red": false
      },
      {
        "date": "2021/03/31",
        "per": 17.37,
        "pbr": 0.55,
        "is_per_red": false,
        "is_pbr_red": false
      },
      {
        "date": "2022/03/31",
        "per": 16.2,
        "pbr": 0.48,
        "is_per_red": false,
        "is_pbr_red": false
      },
      {
        "date": "2023/03/31",
        "per": 5.16,
        "pbr": 0.4,
        "is_per_red": false,
        "is_pbr_red": false
      },
      {
        "date": "2024/03/29",
        "per": 11.63,
        "pbr": 0.45,
        "is_per_red": false,
        "is_pbr_red": false
      }
    ],
    "daily_data": [],
    "financial_data": [],
    "dividend_data": [
      {
        "fiscal_year": "2010/03",
        "total_dividend": 10.0,
        "dividend_yield": 1.64
      },
      {
        "fiscal_year": "2011/03",
        "total_dividend": 10.0,
        "dividend_yield": 2.23
      },
      {
        "fiscal_year": "2012/03",
        "total_dividend": 10.0,
        "dividend_yield": 1.92
      },
      {
        "fiscal_year": "2013/03",
        "total_dividend": 10.0,
        "dividend_yield": 1.58
      }
    ]
  },
  {
    "code": 9324,
    "name": "安田倉庫",
    "annual_data": [
      {
        "date": "2010/03/31",
        "per": 12.05,
        "pbr": 0.51,
        "is_per_red": false,
        "is_pbr_red": false
      },
      {
        "date": "2011/03/31",
        "per": 15.53,
        "pbr": 0.42,
        "is_per_red": false,
        "is_pbr_red": false
      },
      {
        "date": "2012/03/30",
        "per": 11.42,
        "pbr": 0.42,
        "is_per_red": false,
        "is_pbr_red": false
      },
      {
        "date": "2013/03/29",
        "per": 20.97,
        "pbr": 0.69,
        "is_per_red": false,
        "is_pbr_red": false
      },
      {
        "date": "2014/03/31",
        "per": 21.32,
        "pbr": 0.53,
        "is_per_red": false,
        "is_pbr_red": false
      },
      {
        "date": "2015/03/31",
        "per": 18.7,
        "pbr": 0.47,
        "is_per_red": false,
        "is_pbr_red": false
      },
      {
        "date": "2016/03/31",
        "per": 15.96,
        "pbr": 0.37,
        "is_per_red": false,
        "is_pbr_red": false
      },
      {
        "date": "2017/03/31",
        "per": 10.88,
        "pbr": 0.36,
        "is_per_red": false,
        "is_pbr_red": false
      },
      {
        "date": "2018/03/30",
        "per": 15.46,
        "pbr": 0.45,
        "is_per_red": false,
        "is_pbr_red": false
      },
      {
        "date": "2019/03/29",
        "per": 9.68,
        "pbr": 0.41,
        "is_per_red": false,
        "is_pbr_red": false
      },
      {
        "date": "2020/03/31",
        "per": 8.33,
        "pbr": 0.36,
        "is_per_red": false,
        "is_pbr_red": false
      },
      {
        "date": "2021/03/31",
        "per": 10.07,
        "pbr": 0.37,
        "is_per_red": false,
        "is_pbr_red": false
      },
      {
        "date": "2022/03/31",
        "per": 9.77,
        "pbr": 0.38,
        "is_per_red": false,
        "is_pbr_red": false
      },
      {
        "date": "2023/03/31",
        "per": 13.38,
        "pbr": 0.39,
        "is_per_red": false,
        "is_pbr_red": false
      },
      {
        "date": "2024/03/29",
        "per": 15.27,
        "pbr": 0.38,
        "is_per_red": false,
        "is_pbr_red": false
      }
    ],
    "daily_data": [],
    "financial_data": [],
    "dividend_data": [
      {
        "fiscal_year": "2010/03",
        "total_dividend": 14.0,
        "dividend_yield": 2.47
      },
      {
        "fiscal_year": "2011/03",
        "total_dividend": 14.0,
        "dividend_yield": 2.86
      },
      {
        "fiscal_year": "2012/03",
        "total_dividend": 14.0,
        "dividend_yield": 2.62
      },
      {
        "fiscal_year": "2013/03",
        "total_dividend": 14.0,
        "dividend_yield": 1.27
      }
    ]
  },
  {
    "code": 9325,
    "name": "ファイズホールディングス",
    "annual_data": [
      {
        "date": "2017/03/31",
        "per": 65.42,
        "pbr": 19.64,
        "is_per_red": false,
        "is_pbr_red": false
      },
      {
        "date": "2018/03/30",
        "per": 43.07,
        "pbr": 11.97,
        "is_per_red": false,
        "is_pbr_red": false
      },
      {
        "date": "2019/03/29",
        "per": 63.19,
        "pbr": 7.29,
        "is_per_red": false,
        "is_pbr_red": false
      },
      {
        "date": "2020/03/31",
        "per": 52.6,
        "pbr": 7.53,
        "is_per_red": false,
        "is_pbr_red": false
      },
      {
        "date": "2021/03/31",
        "per": 26.69,
        "pbr": 5.95,
        "is_per_red": false,
        "is_pbr_red": false
      },
      {
        "date": "2022/03/31",
        "per": 19.64,
        "pbr": 3.52,
        "is_per_red": false,
        "is_pbr_red": false
      },
      {
        "date": "2023/03/31",
        "per": 18.76,
        "pbr": 5.42,
        "is_per_red": false,
        "is_pbr_red": false
      },
      {
        "date": "2024/03/29",
        "per": 16.25,
        "pbr": 4.22,
        "is_per_red": false,
        "is_pbr_red": false
      }
    ],
    "daily_data": [],
    "financial_data": [
      {
        "fiscal_year": "2014/03",
        "sales": 36.0,
        "ordinary_profit": -26.0,
        "net_profit": -17.0,
        "roe": -2.2,
        "operating_margin": -1
      },
      {
        "fiscal_year": "2015/03",
        "sales": 2190.0,
        "operating_profit": 36.0,
        "ordinary_profit": 28.000000000000004,
        "net_profit": 5.0,
        "roe": 0.65,
        "roa": 5.92,
        "operating_margin": 0.57,
        "cost_ratio": 1.62,
        "sga_ratio": 91.34
      },
      {
        "fiscal_year": "2016/03",
        "sales": 3490.0,
        "operating_profit": 112.99999999999999,
        "ordinary_profit": 106.0,
        "net_profit": 48.0,
        "roe": 5.55,
        "roa": 33.34,
        "operating_margin": 4.01,
        "cost_ratio": 3.25,
        "sga_ratio": 90.08
      },
      {
        "fiscal_year": "2017/03",
        "sales": 5220.0,
        "operating_profit": 346.0,
        "ordinary_profit": 329.0,
        "net_profit": 201.0,
        "roe": 23.31,
        "roa": 25.65,
        "operating_margin": 9.87,
        "cost_ratio": 6.63,
        "sga_ratio": 89.07
      },
      {
        "fiscal_year": "2018/03",
        "sales": 7430.0,
        "operating_profit": 470.0,
        "ordinary_profit": 469.00000000000006,
        "net_profit": 301.0,
        "roe": 29.88,
        "roa": 27.79,
        "operating_margin": 14.68,
        "cost_ratio": 6.32,
        "sga_ratio": 90.2
      },
      {
        "fiscal_year": "2019/03",
        "sales": 8450.0,
        "operating_profit": 187.0,
        "ordinary_profit": 210.0,
        "net_profit": 133.0,
        "roe": 12.47,
        "roa": 11.41,
        "operating_margin": 5.71,
        "cost_ratio": 2.22,
        "sga_ratio": 92.38
      },
      {
        "fiscal_year": "2020/03",
        "sales": 10600.0,
        "operating_profit": 349.0,
        "ordinary_profit": 349.0,
        "net_profit": 184.0,
        "eps": 244.0,
        "roe": 17.09,
        "roa": 14.36,
        "operating_margin": 6.62,
        "cost_ratio": 3.28,
        "sga_ratio": 91.73
      },
      {
        "fiscal_year": "2021/03",
        "sales": 13000.0,
        "operating_profit": 596.0,
        "ordinary_profit": 584.0,
        "net_profit": 376.0,
        "eps": 381.0,
        "roe": 35.14,
        "roa": 22.29,
        "operating_margin": 8.9,
        "cost_ratio": 4.6,
        "sga_ratio": 89.79
      },
      {
        "fiscal_year": "2022/03",
        "sales": 18000.0,
        "operating_profit": 576.0,
        "ordinary_profit": 572.0,
        "net_profit": 368.0,
        "eps": 379.0,
        "roe": 34.37,
        "roa": 17.93,
        "operating_margin": 6.31,
        "cost_ratio": 3.19,
        "sga_ratio": 91.86
      },
      {
        "fiscal_year": "2023/03",
        "sales": 23700.0,
        "operating_profit": 1140.0,
        "ordinary_profit": 1210.0,
        "net_profit": 808.0,
        "eps": 818.0,
        "roe": 75.3,
        "roa": 28.89,
        "operating_margin": 11.77,
        "cost_ratio": 4.83,
        "sga_ratio": 90.66
      },
      {
        "fiscal_year": "2024/03",
        "sales": 27500.0,
        "operating_profit": 1320.0,
        "ordinary_profit": 1370.0,
        "net_profit": 854.0,
        "eps": 919.0,
        "roe": 79.6,
        "roa": 26.0,
        "operating_margin": 11.03,
        "cost_ratio": 4.79,
        "sga_ratio": 91.42
      },
      {
        "fiscal_year": "2025/03",
        "sales": 31800.0,
        "operating_profit": 1540.0,
        "ordinary_profit": 1540.0,
        "net_profit": 937.0,
        "roe": 87.29,
        "roa": 26.6,
        "operating_margin": 10.01,
        "cost_ratio": 4.85
      }
    ],
    "dividend_data": [
      {
        "fiscal_year": "2016/03",
        "total_dividend": 0.0,
        "dividend_yield": 0.0
      },
      {
        "fiscal_year": "2017/03",
        "total_dividend": 0.0
      },
      {
        "fiscal_year": "2018/03",
        "total_dividend": 0.0
      },
      {
        "fiscal_year": "2020/03",
        "total_dividend": 0.0,
        "dividend_yield": 0.0
      },
      {
        "fiscal_year": "2021/03",
        "total_dividend": 0.0,
        "dividend_yield": 0.0
      },
      {
        "fiscal_year": "2022/03",
        "total_dividend": 0.0,
        "dividend_yield": 0.0
      }
    ]
  },
  {
    "code": 9326,
    "name": "関通",
    "annual_data": [
      {
        "date": "2021/02/26",
        "per": 26.88,
        "pbr": 5.1,
        "is_per_red": false,
        "is_pbr_red": false
      },
      {
        "date": "2022/02/28",
        "per": 14.58,
        "pbr": 2.51,
        "is_per_red": false,
        "is_pbr_red": false
      },
      {
        "date": "2023/02/28",
        "per": 6.85,
        "pbr": 1.33,
        "is_per_red": false,
        "is_pbr_red": false
      },
      {
        "date": "2024/02/29",
        "per": 102.43,
        "pbr": 1.68,
        "is_per_red": false,
        "is_pbr_red": false
      }
    ],
    "daily_data": [],
    "financial_data": [
      {
        "fiscal_year": "2015/02",
        "sales": 3260.0,
        "ordinary_profit": 15.0,
        "net_profit": 12.0,
        "roe": 2.01,
        "operating_margin": 0.52
      },
      {
        "fiscal_year": "2016/02",
        "sales": 3740.0,
        "ordinary_profit": 0.22,
        "net_profit": 2.0,
        "roe": 0.33,
        "operating_margin": 0.07
      },
      {
        "fiscal_year": "2017/02",
        "sales": 4260.0,
        "ordinary_profit": 31.0,
        "net_profit": -25.0,
        "roe": -4.22,
        "operating_margin": -1
      },
      {
        "fiscal_year": "2018/02",
        "sales": 5250.0,
        "operating_profit": 161.0,
        "ordinary_profit": 140.0,
        "net_profit": 56.0,
        "roe": 9.33,
        "roa": 27.67,
        "operating_margin": 1.49,
        "cost_ratio": 3.06,
        "sga_ratio": 87.16
      },
      {
        "fiscal_year": "2019/02",
        "sales": 6470.0,
        "operating_profit": 127.0,
        "ordinary_profit": 104.0,
        "net_profit": 79.0,
        "roe": 11.51,
        "roa": 16.83,
        "operating_margin": 1.48,
        "cost_ratio": 1.96,
        "sga_ratio": 88.08
      },
      {
        "fiscal_year": "2020/02",
        "sales": 7300.0,
        "operating_profit": 291.0,
        "ordinary_profit": 256.0,
        "net_profit": 171.0,
        "roe": 24.98,
        "roa": 27.23,
        "operating_margin": 2.66,
        "cost_ratio": 3.99,
        "sga_ratio": 86.65
      },
      {
        "fiscal_year": "2021/02",
        "sales": 9530.0,
        "operating_profit": 418.0,
        "ordinary_profit": 383.0,
        "net_profit": 283.0,
        "roe": 31.66,
        "roa": 17.78,
        "operating_margin": 3.76,
        "cost_ratio": 4.39,
        "sga_ratio": 88.4
      },
      {
        "fiscal_year": "2022/02",
        "sales": 10100.0,
        "operating_profit": 729.0,
        "ordinary_profit": 688.0,
        "net_profit": 464.0,
        "roe": 45.74,
        "roa": 17.02,
        "operating_margin": 4.89,
        "cost_ratio": 7.22,
        "sga_ratio": 84.44
      },
      {
        "fiscal_year": "2023/02",
        "sales": 10500.0,
        "operating_profit": 392.0,
        "ordinary_profit": 361.0,
        "net_profit": 628.0,
        "eps": 628.0,
        "roe": 61.15,
        "roa": 19.28,
        "operating_margin": 6.63,
        "cost_ratio": 3.74,
        "sga_ratio": 86.96
      },
      {
        "fiscal_year": "2024/02",
        "sales": 11900.0,
        "operating_profit": 410.0,
        "ordinary_profit": 406.0,
        "net_profit": 50.0,
        "eps": 50.0,
        "roe": 4.94,
        "roa": 1.64,
        "operating_margin": 0.48,
        "cost_ratio": 3.44,
        "sga_ratio": 87.84
      },
      {
        "fiscal_year": "2025/02",
        "sales": 15900.0,
        "operating_profit": 542.0,
        "ordinary_profit": 522.0,
        "net_profit": 352.0,
        "roe": 35.09,
        "roa": 11.84,
        "operating_margin": 3.39,
        "cost_ratio": 3.42
      }
    ],
    "dividend_data": [
      {
        "fiscal_year": "2019/03",
        "total_dividend": 0.0
      },
      {
        "fiscal_year": "2020/03"
      }
    ]
  },
  {
    "code": 9327,
    "name": "イー・ロジット",
    "annual_data": [
      {
        "date": "2021/03/31",
        "per": 30.77,
        "pbr": 2.74,
        "is_per_red": false,
        "is_pbr_red": false
      },
      {
        "date": "2022/03/31",
        "per": -1,
        "pbr": 1.58,
        "is_per_red": true,
        "is_pbr_red": false
      },
      {
        "date": "2023/03/31",
        "per": -1,
        "pbr": 1.82,
        "is_per_red": true,
        "is_pbr_red": false
      },
      {
        "date": "2024/03/29",
        "per": -1,
        "pbr": -1,
        "is_per_red": true,
        "is_pbr_red": true
      }
    ],
    "daily_data": [],
    "financial_data": [
      {
        "fiscal_year": "2016/03",
        "sales": 3790.0,
        "ordinary_profit": 235.0,
        "net_profit": 163.0,
        "roe": 60.42,
        "operating_margin": 11.08
      },
      {
        "fiscal_year": "2017/03",
        "sales": 3810.0,
        "ordinary_profit": 196.0,
        "net_profit": 118.0,
        "roe": 43.86,
        "operating_margin": 7.87
      },
      {
        "fiscal_year": "2018/03",
        "sales": 4790.0,
        "ordinary_profit": 235.0,
        "net_profit": 158.0,
        "roe": 58.69,
        "operating_margin": 7.77
      },
      {
        "fiscal_year": "2019/03",
        "sales": 7450.0,
        "operating_profit": 381.0,
        "ordinary_profit": 390.0,
        "net_profit": 270.0,
        "roe": 99.9,
        "roa": 26.25,
        "operating_margin": 8.97,
        "cost_ratio": 5.12,
        "sga_ratio": 90.21
      },
      {
        "fiscal_year": "2020/03",
        "sales": 8390.0,
        "operating_profit": 85.0,
        "ordinary_profit": 103.0,
        "net_profit": 77.0,
        "roe": 28.35,
        "roa": 7.05,
        "operating_margin": 2.33,
        "cost_ratio": 1.01,
        "sga_ratio": 93.67
      },
      {
        "fiscal_year": "2021/03",
        "sales": 10700.0,
        "operating_profit": 238.0,
        "ordinary_profit": 241.0,
        "net_profit": 152.0,
        "roe": 53.79,
        "roa": 7.37,
        "operating_margin": 3.02,
        "cost_ratio": 2.23,
        "sga_ratio": 92.16
      },
      {
        "fiscal_year": "2022/03",
        "sales": 12200.0,
        "operating_profit": -196.0,
        "ordinary_profit": -190.0,
        "net_profit": -342.0,
        "roe": -98.8,
        "roa": -1,
        "operating_margin": -1,
        "cost_ratio": -1.6,
        "sga_ratio": 95.32
      },
      {
        "fiscal_year": "2023/03",
        "sales": 12800.0,
        "operating_profit": -288.0,
        "ordinary_profit": -281.0,
        "net_profit": -566.0,
        "roe": -161.81,
        "roa": -1,
        "operating_margin": -1,
        "cost_ratio": -2.25,
        "sga_ratio": 95.66
      },
      {
        "fiscal_year": "2024/03",
        "sales": 13100.0,
        "operating_profit": -1190.0,
        "ordinary_profit": -1180.0,
        "net_profit": -2470.0,
        "eps": -2450.0,
        "roe": -687.33,
        "roa": -1,
        "operating_margin": -1,
        "cost_ratio": -9.1,
        "sga_ratio": 100.45
      },
      {
        "fiscal_year": "2025/03",
        "sales": 9500.0,
        "operating_profit": -200.0,
        "ordinary_profit": -210.0,
        "net_profit": -220.00000000000003,
        "roe": -32.13,
        "roa": -1,
        "operating_margin": -1,
        "cost_ratio": -2.11
      }
    ],
    "dividend_data": [
      {
        "fiscal_year": "2016/03",
        "total_dividend": 5.5
      },
      {
        "fiscal_year": "2017/03",
        "total_dividend": 4.75
      },
      {
        "fiscal_year": "2018/03",
        "total_dividend": 5.25
      },
      {
        "fiscal_year": "2019/03",
        "total_dividend": 6.75
      },
      {
        "fiscal_year": "2020/03",
        "total_dividend": 2.0
      },
      {
        "fiscal_year": "2021/03",
        "dividend_yield": 0.28
      },
      {
        "fiscal_year": "2024/03",
        "total_dividend": 0.0,
        "dividend_yield": 0.0
      },
      {
        "fiscal_year": "2025/03"
      }
    ]
  },
  {
    "code": 9351,
    "name": "東洋埠頭",
    "annual_data": [
      {
        "date": "2010/03/31",
        "per": 32.47,
        "pbr": 0.72,
        "is_per_red": false,
        "is_pbr_red": false
      },
      {
        "date": "2011/03/31",
        "per": 137.25,
        "pbr": 0.61,
        "is_per_red": false,
        "is_pbr_red": false
      },
      {
        "date": "2012/03/30",
        "per": 12.01,
        "pbr": 0.66,
        "is_per_red": false,
        "is_pbr_red": false
      },
      {
        "date": "2013/03/29",
        "per": 19.47,
        "pbr": 0.84,
        "is_per_red": false,
        "is_pbr_red": false
      },
      {
        "date": "2014/03/31",
        "per": -1,
        "pbr": 1.05,
        "is_per_red": true,
        "is_pbr_red": false
      },
      {
        "date": "2015/03/31",
        "per": -1,
        "pbr": 0.86,
        "is_per_red": true,
        "is_pbr_red": false
      },
      {
        "date": "2016/03/31",
        "per": 38.53,
        "pbr": 0.66,
        "is_per_red": false,
        "is_pbr_red": false
      },
      {
        "date": "2017/03/31",
        "per": 12.41,
        "pbr": 0.75,
        "is_per_red": false,
        "is_pbr_red": false
      },
      {
        "date": "2018/03/30",
        "per": 13.79,
        "pbr": 0.67,
        "is_per_red": false,
        "is_pbr_red": false
      },
      {
        "date": "2019/03/29",
        "per": 9.17,
        "pbr": 0.57,
        "is_per_red": false,
        "is_pbr_red": false
      },
      {
        "date": "2020/03/31",
        "per": 8.0,
        "pbr": 0.5,
        "is_per_red": false,
        "is_pbr_red": false
      },
      {
        "date": "2021/03/31",
        "per": 15.13,
        "pbr": 0.56,
        "is_per_red": false,
        "is_pbr_red": false
      },
      {
        "date": "2022/03/31",
        "per": 10.23,
        "pbr": 0.51,
        "is_per_red": false,
        "is_pbr_red": false
      },
      {
        "date": "2023/03/31",
        "per": 8.16,
        "pbr": 0.43,
        "is_per_red": false,
        "is_pbr_red": false
      },
      {
        "date": "2024/03/29",
        "per": 10.68,
        "pbr": 0.39,
        "is_per_red": false,
        "is_pbr_red": false
      }
    ],
    "daily_data": [],
    "financial_data": [],
    "dividend_data": [
      {
        "fiscal_year": "2010/03",
        "total_dividend": 5.0,
        "dividend_yield": 3.14
      },
      {
        "fiscal_year": "2011/03",
        "total_dividend": 3.0,
        "dividend_yield": 2.26
      },
      {
        "fiscal_year": "2012/03",
        "total_dividend": 5.0,
        "dividend_yield": 3.31
      },
      {
        "fiscal_year": "2013/03",
        "total_dividend": 5.0,
        "dividend_yield": 2.49
      }
    ]
  },
  {
    "code": 9353,
    "name": "櫻島埠頭",
    "annual_data": [
      {
        "date": "2010/03/31",
        "per": -1,
        "pbr": 0.5,
        "is_per_red": true,
        "is_pbr_red": false
      },
      {
        "date": "2011/03/30",
        "per": -1,
        "pbr": 0.49,
        "is_per_red": true,
        "is_pbr_red": false
      },
      {
        "date": "2012/03/30",
        "per": 12.79,
        "pbr": 0.48,
        "is_per_red": false,
        "is_pbr_red": false
      },
      {
        "date": "2013/03/29",
        "per": 21.55,
        "pbr": 0.57,
        "is_per_red": false,
        "is_pbr_red": false
      },
      {
        "date": "2014/03/31",
        "per": 32.41,
        "pbr": 0.53,
        "is_per_red": false,
        "is_pbr_red": false
      },
      {
        "date": "2015/03/31",
        "per": 37.43,
        "pbr": 0.86,
        "is_per_red": false,
        "is_pbr_red": false
      },
      {
        "date": "2016/03/31",
        "per": 12.05,
        "pbr": 0.54,
        "is_per_red": false,
        "is_pbr_red": false
      },
      {
        "date": "2017/03/31",
        "per": 511.86,
        "pbr": 1.04,
        "is_per_red": false,
        "is_pbr_red": false
      },
      {
        "date": "2018/03/30",
        "per": 33.45,
        "pbr": 1.2,
        "is_per_red": false,
        "is_pbr_red": false
      },
      {
        "date": "2019/03/29",
        "per": 22.77,
        "pbr": 0.84,
        "is_per_red": false,
        "is_pbr_red": false
      },
      {
        "date": "2020/03/31",
        "per": 10.69,
        "pbr": 0.66,
        "is_per_red": false,
        "is_pbr_red": false
      },
      {
        "date": "2021/03/31",
        "per": 13.3,
        "pbr": 0.59,
        "is_per_red": false,
        "is_pbr_red": false
      },
      {
        "date": "2022/03/31",
        "per": 11.09,
        "pbr": 0.42,
        "is_per_red": false,
        "is_pbr_red": false
      },
      {
        "date": "2023/03/31",
        "per": 10.46,
        "pbr": 0.41,
        "is_per_red": false,
        "is_pbr_red": false
      },
      {
        "date": "2024/03/29",
        "per": 13.19,
        "pbr": 0.44,
        "is_per_red": false,
        "is_pbr_red": false
      }
    ],
    "daily_data": [],
    "financial_data": [
      {
        "fiscal_year": "2008/03",
        "sales": 4810.0,
        "operating_profit": 166.0,
        "ordinary_profit": 175.0,
        "net_profit": 175.0,
        "roa": 3.4,
        "operating_margin": 1.87,
        "cost_ratio": 3.45,
        "sga_ratio": 85.78
      },
      {
        "fiscal_year": "2009/03",
        "sales": 5190.0,
        "operating_profit": 285.0,
        "ordinary_profit": 308.0,
        "net_profit": 162.0,
        "roa": 3.57,
        "operating_margin": 2.03,
        "cost_ratio": 5.49,
        "sga_ratio": 84.14
      },
      {
        "fiscal_year": "2010/03",
        "sales": 4610.0,
        "operating_profit": 20.0,
        "ordinary_profit": 30.0,
        "net_profit": -299.0,
        "roe": -19.44,
        "roa": -1,
        "operating_margin": -1,
        "cost_ratio": 0.44,
        "sga_ratio": 89.64
      },
      {
        "fiscal_year": "2011/03",
        "sales": 4630.0,
        "operating_profit": -341.0,
        "ordinary_profit": -312.0,
        "net_profit": -1130.0,
        "roe": -73.21,
        "roa": -1,
        "operating_margin": -1,
        "cost_ratio": -7.38,
        "sga_ratio": 97.84
      },
      {
        "fiscal_year": "2012/03",
        "sales": 4750.0,
        "operating_profit": 54.0,
        "ordinary_profit": 81.0,
        "net_profit": 112.99999999999999,
        "roe": 7.35,
        "roa": 3.77,
        "operating_margin": 2.02,
        "cost_ratio": 1.13,
        "sga_ratio": 89.92
      },
      {
        "fiscal_year": "2013/03",
        "sales": 4720.0,
        "operating_profit": 125.0,
        "ordinary_profit": 160.0,
        "net_profit": 86.0,
        "roe": 5.62,
        "roa": 2.65,
        "operating_margin": 1.5,
        "cost_ratio": 2.64,
        "sga_ratio": 89.12
      },
      {
        "fiscal_year": "2014/03",
        "sales": 4330.0,
        "operating_profit": 5.0,
        "ordinary_profit": 50.0,
        "net_profit": 55.00000000000001,
        "eps": 76.0,
        "roe": 3.64,
        "roa": 1.65,
        "operating_margin": 0.94,
        "cost_ratio": 0.12,
        "sga_ratio": 91.65
      },
      {
        "fiscal_year": "2015/03",
        "sales": 4670.0,
        "operating_profit": 57.0,
        "ordinary_profit": 106.0,
        "net_profit": 83.0,
        "eps": 341.0,
        "roe": 5.56,
        "roa": 2.29,
        "operating_margin": 1.36,
        "cost_ratio": 1.22,
        "sga_ratio": 89.78
      },
      {
        "fiscal_year": "2016/03",
        "sales": 4460.0,
        "operating_profit": 85.0,
        "ordinary_profit": 133.0,
        "net_profit": 156.0,
        "eps": -140.0,
        "roe": 10.38,
        "roa": 4.47,
        "operating_margin": 2.86,
        "cost_ratio": 1.9,
        "sga_ratio": 88.0
      },
      {
        "fiscal_year": "2017/03",
        "sales": 4130.0,
        "operating_profit": 12.0,
        "ordinary_profit": 54.0,
        "net_profit": 8.0,
        "eps": 280.0,
        "roe": 0.51,
        "roa": 0.2,
        "operating_margin": 0.13,
        "cost_ratio": 0.29,
        "sga_ratio": 89.1
      },
      {
        "fiscal_year": "2018/03",
        "sales": 4280.0,
        "operating_profit": 64.0,
        "ordinary_profit": 124.0,
        "net_profit": 142.0,
        "eps": 214.0,
        "roe": 9.45,
        "roa": 3.59,
        "operating_margin": 2.28,
        "cost_ratio": 1.49,
        "sga_ratio": 88.54
      },
      {
        "fiscal_year": "2019/03",
        "sales": 4430.0,
        "operating_profit": 44.0,
        "ordinary_profit": 112.0,
        "net_profit": 143.0,
        "eps": -45.0,
        "roe": 95.46,
        "roa": 3.69,
        "operating_margin": 2.28,
        "cost_ratio": 0.98,
        "sga_ratio": 89.14
      },
      {
        "fiscal_year": "2020/03",
        "sales": 4630.0,
        "operating_profit": 225.0,
        "ordinary_profit": 282.0,
        "net_profit": 235.0,
        "eps": -46.0,
        "roe": 156.25,
        "roa": 6.13,
        "operating_margin": 3.62,
        "cost_ratio": 4.86,
        "sga_ratio": 85.3
      },
      {
        "fiscal_year": "2021/03",
        "sales": 4510.0,
        "operating_profit": 92.0,
        "ordinary_profit": 172.0,
        "net_profit": 190.0,
        "eps": 513.0,
        "roe": 126.31,
        "roa": 4.4,
        "operating_margin": 2.65,
        "cost_ratio": 2.04,
        "sga_ratio": 87.8
      },
      {
        "fiscal_year": "2022/03",
        "sales": 4200.0,
        "operating_profit": 109.0,
        "ordinary_profit": 217.0,
        "net_profit": 177.0,
        "eps": 356.0,
        "roe": 118.09,
        "roa": 3.83,
        "operating_margin": 2.34,
        "cost_ratio": 2.59,
        "sga_ratio": 86.54
      },
      {
        "fiscal_year": "2023/03",
        "sales": 3870.0000000000005,
        "operating_profit": 157.0,
        "ordinary_profit": 243.0,
        "net_profit": 193.0,
        "eps": 363.0,
        "roe": 128.64,
        "roa": 3.89,
        "operating_margin": 2.43,
        "cost_ratio": 4.07,
        "sga_ratio": 83.31
      },
      {
        "fiscal_year": "2024/03",
        "sales": 4110.0,
        "operating_profit": 236.0,
        "ordinary_profit": 335.0,
        "net_profit": 212.0,
        "eps": 1330.0,
        "roe": 140.13,
        "roa": 3.38,
        "operating_margin": 2.1,
        "cost_ratio": 5.73,
        "sga_ratio": 81.04
      },
      {
        "fiscal_year": "2025/03",
        "sales": 4100.0,
        "operating_profit": 170.0,
        "ordinary_profit": 240.0,
        "net_profit": 160.0,
        "roe": 105.48,
        "roa": 2.58,
        "operating_margin": 1.6,
        "cost_ratio": 4.15
      }
    ],
    "dividend_data": [
      {
        "fiscal_year": "2010/03",
        "total_dividend": 2.17
      },
      {
        "fiscal_year": "2012/03",
        "total_dividend": 2.13
      },
      {
        "fiscal_year": "2013/03",
        "total_dividend": 1.65
      }
    ]
  },
  {
    "code": 9355,
    "name": "リンコーコーポレーション",
    "annual_data": [
      {
        "date": "2010/03/30",
        "per": -1,
        "pbr": 0.29,
        "is_per_red": true,
        "is_pbr_red": false
      },
      {
        "date": "2011/03/31",
        "per": 26.74,
        "pbr": 0.25,
        "is_per_red": false,
        "is_pbr_red": false
      },
      {
        "date": "2012/03/28",
        "per": 6.67,
        "pbr": 0.29,
        "is_per_red": false,
        "is_pbr_red": false
      },
      {
        "date": "2013/03/29",
        "per": 11.45,
        "pbr": 0.32,
        "is_per_red": false,
        "is_pbr_red": false
      },
      {
        "date": "2014/03/31",
        "per": 16.85,
        "pbr": 0.31,
        "is_per_red": false,
        "is_pbr_red": false
      },
      {
        "date": "2015/03/31",
        "per": 15.65,
        "pbr": 0.34,
        "is_per_red": false,
        "is_pbr_red": false
      },
      {
        "date": "2016/03/30",
        "per": 10.08,
        "pbr": 0.29,
        "is_per_red": false,
        "is_pbr_red": false
      },
      {
        "date": "2017/03/31",
        "per": 16.39,
        "pbr": 0.35,
        "is_per_red": false,
        "is_pbr_red": false
      },
      {
        "date": "2018/03/30",
        "per": 10.61,
        "pbr": 0.31,
        "is_per_red": false,
        "is_pbr_red": false
      },
      {
        "date": "2019/03/26",
        "per": 9.65,
        "pbr": 0.36,
        "is_per_red": false,
        "is_pbr_red": false
      },
      {
        "date": "2020/03/31",
        "per": 62.64,
        "pbr": 0.42,
        "is_per_red": false,
        "is_pbr_red": false
      },
      {
        "date": "2021/03/31",
        "per": -1,
        "pbr": 0.47,
        "is_per_red": true,
        "is_pbr_red": false
      },
      {
        "date": "2022/03/25",
        "per": 10.46,
        "pbr": 0.31,
        "is_per_red": false,
        "is_pbr_red": false
      },
      {
        "date": "2023/03/31",
        "per": 6.16,
        "pbr": 0.26,
        "is_per_red": false,
        "is_pbr_red": false
      },
      {
        "date": "2024/03/29",
        "per": 12.88,
        "pbr": 0.25,
        "is_per_red": false,
        "is_pbr_red": false
      }
    ],
    "daily_data": [],
    "financial_data": [
      {
        "fiscal_year": "2008/03",
        "sales": 22600.0,
        "operating_profit": 970.0,
        "ordinary_profit": 879.0,
        "net_profit": 223.0,
        "roa": 1.52,
        "operating_margin": 0.51,
        "cost_ratio": 4.29,
        "sga_ratio": 88.93
      },
      {
        "fiscal_year": "2009/03",
        "sales": 22300.0,
        "operating_profit": 667.0,
        "ordinary_profit": 568.0,
        "net_profit": -1420.0,
        "roa": -1,
        "operating_margin": -1,
        "cost_ratio": 3.0,
        "sga_ratio": 90.29
      },
      {
        "fiscal_year": "2010/03",
        "sales": 19100.0,
        "operating_profit": 119.0,
        "ordinary_profit": 109.0,
        "net_profit": -1010.0,
        "roe": -37.52,
        "roa": -1,
        "operating_margin": -1,
        "cost_ratio": 0.62,
        "sga_ratio": 91.97
      },
      {
        "fiscal_year": "2011/03",
        "sales": 20000.0,
        "operating_profit": 593.0,
        "ordinary_profit": 522.0,
        "net_profit": 103.0,
        "eps": -120.0,
        "roe": 3.81,
        "roa": 0.95,
        "operating_margin": 0.26,
        "cost_ratio": 2.97,
        "sga_ratio": 89.31
      },
      {
        "fiscal_year": "2012/03",
        "sales": 19600.0,
        "operating_profit": 814.0,
        "ordinary_profit": 834.0,
        "net_profit": 530.0,
        "eps": 1200.0,
        "roe": 19.63,
        "roa": 4.41,
        "operating_margin": 1.36,
        "cost_ratio": 4.15,
        "sga_ratio": 88.37
      },
      {
        "fiscal_year": "2013/03",
        "sales": 19100.0,
        "operating_profit": 624.0,
        "ordinary_profit": 624.0,
        "net_profit": 349.0,
        "eps": 521.0,
        "roe": 12.93,
        "roa": 2.8,
        "operating_margin": 0.9,
        "cost_ratio": 3.27,
        "sga_ratio": 88.99
      },
      {
        "fiscal_year": "2014/03",
        "sales": 19400.0,
        "operating_profit": 670.0,
        "ordinary_profit": 838.0,
        "net_profit": 229.0,
        "eps": 344.0,
        "roe": 8.49,
        "roa": 1.84,
        "operating_margin": 0.61,
        "cost_ratio": 3.45,
        "sga_ratio": 89.07
      },
      {
        "fiscal_year": "2015/03",
        "sales": 16900.0,
        "operating_profit": 520.0,
        "ordinary_profit": 491.0,
        "net_profit": 305.0,
        "eps": 1270.0,
        "roe": 11.31,
        "roa": 2.2,
        "operating_margin": 0.83,
        "cost_ratio": 3.07,
        "sga_ratio": 88.94
      },
      {
        "fiscal_year": "2016/03",
        "sales": 16500.0,
        "operating_profit": 566.0,
        "ordinary_profit": 536.0,
        "net_profit": 404.0,
        "eps": 185.0,
        "roe": 14.98,
        "roa": 2.89,
        "operating_margin": 1.12,
        "cost_ratio": 3.43,
        "sga_ratio": 88.46
      },
      {
        "fiscal_year": "2017/03",
        "sales": 16000.0,
        "operating_profit": 468.0,
        "ordinary_profit": 458.0,
        "net_profit": 316.0,
        "eps": 735.0,
        "roe": 11.71,
        "roa": 2.16,
        "operating_margin": 0.88,
        "cost_ratio": 2.93,
        "sga_ratio": 88.63
      },
      {
        "fiscal_year": "2018/03",
        "sales": 16200.0,
        "operating_profit": 456.0,
        "ordinary_profit": 450.0,
        "net_profit": 445.0,
        "eps": 507.0,
        "roe": 164.96,
        "roa": 2.96,
        "operating_margin": 1.25,
        "cost_ratio": 2.82,
        "sga_ratio": 88.86
      },
      {
        "fiscal_year": "2019/03",
        "sales": 17600.0,
        "operating_profit": 787.0,
        "ordinary_profit": 794.0,
        "net_profit": 567.0,
        "eps": 50.0,
        "roe": 210.19,
        "roa": 3.78,
        "operating_margin": 1.5,
        "cost_ratio": 4.47,
        "sga_ratio": 87.75
      },
      {
        "fiscal_year": "2020/03",
        "sales": 16800.0,
        "operating_profit": 497.0,
        "ordinary_profit": 521.0,
        "net_profit": 99.0,
        "eps": -204.99999999999997,
        "roe": 36.7,
        "roa": 0.67,
        "operating_margin": 0.26,
        "cost_ratio": 2.96,
        "sga_ratio": 89.07
      },
      {
        "fiscal_year": "2021/03",
        "sales": 14200.0,
        "operating_profit": -525.0,
        "ordinary_profit": -308.0,
        "net_profit": -1570.0,
        "eps": -886.9999999999999,
        "roe": -580.15,
        "roa": -1,
        "operating_margin": -1,
        "cost_ratio": -3.7,
        "sga_ratio": 94.64
      },
      {
        "fiscal_year": "2022/03",
        "sales": 12700.0,
        "operating_profit": 124.0,
        "ordinary_profit": 376.0,
        "net_profit": 455.0,
        "eps": 1290.0,
        "roe": 168.67,
        "roa": 2.99,
        "operating_margin": 1.24,
        "cost_ratio": 0.98,
        "sga_ratio": 89.6
      },
      {
        "fiscal_year": "2023/03",
        "sales": 13400.0,
        "operating_profit": 209.0,
        "ordinary_profit": 428.0,
        "net_profit": 683.0,
        "eps": 850.0,
        "roe": 253.31,
        "roa": 4.26,
        "operating_margin": 1.85,
        "cost_ratio": 1.55,
        "sga_ratio": 89.01
      },
      {
        "fiscal_year": "2024/03",
        "sales": 13100.0,
        "operating_profit": 153.0,
        "ordinary_profit": 274.0,
        "net_profit": 357.0,
        "eps": 2150.0,
        "roe": 132.9,
        "roa": 2.0,
        "operating_margin": 0.93,
        "cost_ratio": 1.17,
        "sga_ratio": 88.79
      },
      {
        "fiscal_year": "2025/03",
        "sales": 13500.0,
        "operating_profit": 350.0,
        "ordinary_profit": 400.0,
        "net_profit": 380.0,
        "roe": 147.89,
        "roa": 2.14,
        "operating_margin": 0.99,
        "cost_ratio": 2.59
      }
    ],
    "dividend_data": [
      {
        "fiscal_year": "2010/03",
        "total_dividend": 0.0
      },
      {
        "fiscal_year": "2011/03",
        "total_dividend": 1.96
      },
      {
        "fiscal_year": "2012/03",
        "total_dividend": 2.29
      },
      {
        "fiscal_year": "2013/03",
        "total_dividend": 2.03
      }
    ]
  },
  {
    "code": 9361,
    "name": "伏木海陸運送",
    "annual_data": [
      {
        "date": "2010/06/30",
        "per": 24.66,
        "pbr": 0.43,
        "is_per_red": false,
        "is_pbr_red": false
      },
      {
        "date": "2011/06/17",
        "per": 15.77,
        "pbr": 0.45,
        "is_per_red": false,
        "is_pbr_red": false
      },
      {
        "date": "2012/06/27",
        "per": 17.19,
        "pbr": 0.45,
        "is_per_red": false,
        "is_pbr_red": false
      },
      {
        "date": "2013/06/21",
        "per": 9.87,
        "pbr": 0.42,
        "is_per_red": false,
        "is_pbr_red": false
      },
      {
        "date": "2014/06/30",
        "per": 16.06,
        "pbr": 0.42,
        "is_per_red": false,
        "is_pbr_red": false
      },
      {
        "date": "2015/06/29",
        "per": 11.48,
        "pbr": 0.47,
        "is_per_red": false,
        "is_pbr_red": false
      },
      {
        "date": "2016/06/30",
        "per": 75.03,
        "pbr": 0.41,
        "is_per_red": false,
        "is_pbr_red": false
      },
      {
        "date": "2017/06/30",
        "per": 9.54,
        "pbr": 0.43,
        "is_per_red": false,
        "is_pbr_red": false
      },
      {
        "date": "2018/06/29",
        "per": 9.72,
        "pbr": 0.46,
        "is_per_red": false,
        "is_pbr_red": false
      },
      {
        "date": "2019/06/26",
        "per": 7.65,
        "pbr": 0.39,
        "is_per_red": false,
        "is_pbr_red": false
      },
      {
        "date": "2020/06/26",
        "per": 4.87,
        "pbr": 0.33,
        "is_per_red": false,
        "is_pbr_red": false
      },
      {
        "date": "2021/06/29",
        "per": 8.58,
        "pbr": 0.35,
        "is_per_red": false,
        "is_pbr_red": false
      },
      {
        "date": "2022/06/30",
        "per": 8.29,
        "pbr": 0.34,
        "is_per_red": false,
        "is_pbr_red": false
      },
      {
        "date": "2023/06/30",
        "per": 6.24,
        "pbr": 0.41,
        "is_per_red": false,
        "is_pbr_red": false
      },
      {
        "date": "2024/06/28",
        "per": 9.1,
        "pbr": 0.39,
        "is_per_red": false,
        "is_pbr_red": false
      }
    ],
    "daily_data": [],
    "financial_data": [
      {
        "fiscal_year": "2008/06",
        "sales": 11800.0,
        "operating_profit": 1050.0,
        "ordinary_profit": 802.9999999999999,
        "net_profit": 328.0,
        "roa": 4.55,
        "operating_margin": 2.35,
        "cost_ratio": 8.9,
        "sga_ratio": 84.76
      },
      {
        "fiscal_year": "2009/06",
        "sales": 10300.0,
        "operating_profit": 341.0,
        "ordinary_profit": 303.0,
        "net_profit": 210.0,
        "roa": 2.95,
        "operating_margin": 1.56,
        "cost_ratio": 3.33,
        "sga_ratio": 89.46
      },
      {
        "fiscal_year": "2010/06",
        "sales": 9440.0,
        "operating_profit": 235.0,
        "ordinary_profit": 291.0,
        "net_profit": 122.0,
        "roe": 9.33,
        "roa": 1.73,
        "operating_margin": 0.72,
        "cost_ratio": 2.49,
        "sga_ratio": 87.75
      },
      {
        "fiscal_year": "2011/06",
        "sales": 10500.0,
        "operating_profit": 554.0,
        "ordinary_profit": 497.0,
        "net_profit": 204.0,
        "eps": 204.0,
        "roe": 15.6,
        "roa": 2.85,
        "operating_margin": 1.19,
        "cost_ratio": 5.25,
        "sga_ratio": 85.83
      },
      {
        "fiscal_year": "2012/06",
        "sales": 10400.0,
        "operating_profit": 257.0,
        "ordinary_profit": 257.0,
        "net_profit": 190.0,
        "eps": 149.0,
        "roe": 14.54,
        "roa": 2.65,
        "operating_margin": 1.08,
        "cost_ratio": 2.47,
        "sga_ratio": 87.68
      },
      {
        "fiscal_year": "2013/06",
        "sales": 12400.0,
        "operating_profit": 412.0,
        "ordinary_profit": 381.0,
        "net_profit": 324.0,
        "eps": 601.0,
        "roe": 24.81,
        "roa": 4.28,
        "operating_margin": 1.53,
        "cost_ratio": 3.32,
        "sga_ratio": 86.54
      },
      {
        "fiscal_year": "2014/06",
        "sales": 13700.0,
        "operating_profit": 488.99999999999994,
        "ordinary_profit": 405.0,
        "net_profit": 201.0,
        "eps": 305.0,
        "roe": 15.56,
        "roa": 2.62,
        "operating_margin": 0.92,
        "cost_ratio": 3.57,
        "sga_ratio": 87.26
      },
      {
        "fiscal_year": "2015/06",
        "sales": 14100.0,
        "operating_profit": 647.0,
        "ordinary_profit": 583.0,
        "net_profit": 324.0,
        "eps": 607.0,
        "roe": 25.09,
        "roa": 4.07,
        "operating_margin": 1.48,
        "cost_ratio": 4.59,
        "sga_ratio": 86.17
      },
      {
        "fiscal_year": "2016/06",
        "sales": 13200.0,
        "operating_profit": 565.0,
        "ordinary_profit": 118.0,
        "net_profit": 42.0,
        "eps": -131.0,
        "roe": 3.29,
        "roa": 0.55,
        "operating_margin": 0.2,
        "cost_ratio": 4.28,
        "sga_ratio": 87.13
      },
      {
        "fiscal_year": "2017/06",
        "sales": 13400.0,
        "operating_profit": 769.0,
        "ordinary_profit": 688.0,
        "net_profit": 367.0,
        "eps": 638.0,
        "roe": 142.0,
        "roa": 4.47,
        "operating_margin": 1.66,
        "cost_ratio": 5.73,
        "sga_ratio": 85.5
      },
      {
        "fiscal_year": "2018/06",
        "sales": 14400.0,
        "operating_profit": 735.0,
        "ordinary_profit": 699.0,
        "net_profit": 401.0,
        "eps": 508.0,
        "roe": 155.3,
        "roa": 4.69,
        "operating_margin": 1.82,
        "cost_ratio": 5.12,
        "sga_ratio": 86.11
      },
      {
        "fiscal_year": "2019/06",
        "sales": 14100.0,
        "operating_profit": 861.0,
        "ordinary_profit": 811.9999999999999,
        "net_profit": 449.0,
        "eps": 394.0,
        "roe": 173.82,
        "roa": 5.1,
        "operating_margin": 2.07,
        "cost_ratio": 6.09,
        "sga_ratio": 85.38
      },
      {
        "fiscal_year": "2020/06",
        "sales": 13200.0,
        "operating_profit": 736.0,
        "ordinary_profit": 811.0,
        "net_profit": 624.0,
        "eps": 625.0,
        "roe": 241.01,
        "roa": 6.71,
        "operating_margin": 2.8,
        "cost_ratio": 5.57,
        "sga_ratio": 85.76
      },
      {
        "fiscal_year": "2021/06",
        "sales": 12400.0,
        "operating_profit": 457.0,
        "ordinary_profit": 670.0,
        "net_profit": 392.0,
        "eps": 446.0,
        "roe": 151.48,
        "roa": 4.07,
        "operating_margin": 1.73,
        "cost_ratio": 3.7,
        "sga_ratio": 86.59
      },
      {
        "fiscal_year": "2022/06",
        "sales": 12200.0,
        "operating_profit": 782.0,
        "ordinary_profit": 936.9999999999999,
        "net_profit": 413.0,
        "eps": 523.0,
        "roe": 159.36,
        "roa": 4.15,
        "operating_margin": 1.86,
        "cost_ratio": 6.4,
        "sga_ratio": 83.74
      },
      {
        "fiscal_year": "2023/06",
        "sales": 13100.0,
        "operating_profit": 1330.0,
        "ordinary_profit": 1260.0,
        "net_profit": 688.0,
        "eps": 811.0,
        "roe": 265.9,
        "roa": 6.51,
        "operating_margin": 3.08,
        "cost_ratio": 10.21,
        "sga_ratio": 80.89
      },
      {
        "fiscal_year": "2024/06",
        "sales": 12900.0,
        "operating_profit": 742.0,
        "ordinary_profit": 715.0,
        "net_profit": 468.0,
        "eps": 689.0,
        "roe": 180.85,
        "roa": 4.24,
        "operating_margin": 2.03,
        "cost_ratio": 5.73,
        "sga_ratio": 85.16
      },
      {
        "fiscal_year": "2025/06",
        "sales": 13000.0,
        "operating_profit": 880.0000000000001,
        "ordinary_profit": 910.0,
        "net_profit": 540.0,
        "roe": 208.58,
        "roa": 4.86,
        "operating_margin": 2.38,
        "cost_ratio": 6.77
      }
    ],
    "dividend_data": [
      {
        "fiscal_year": "2010/03",
        "total_dividend": 6.0,
        "dividend_yield": 2.61
      },
      {
        "fiscal_year": "2011/03",
        "total_dividend": 6.0,
        "dividend_yield": 2.44
      },
      {
        "fiscal_year": "2012/03",
        "total_dividend": 6.0,
        "dividend_yield": 2.4
      },
      {
        "fiscal_year": "2013/03",
        "total_dividend": 6.0,
        "dividend_yield": 2.45
      }
    ]
  },
  {
    "code": 9362,
    "name": "兵機海運",
    "annual_data": [
      {
        "date": "2010/03/31",
        "per": 142.48,
        "pbr": 1.13,
        "is_per_red": false,
        "is_pbr_red": false
      },
      {
        "date": "2011/03/18",
        "per": 44.34,
        "pbr": 1.2,
        "is_per_red": false,
        "is_pbr_red": false
      },
      {
        "date": "2012/03/30",
        "per": 46.87,
        "pbr": 1.16,
        "is_per_red": false,
        "is_pbr_red": false
      },
      {
        "date": "2013/03/29",
        "per": 215.6,
        "pbr": 1.04,
        "is_per_red": false,
        "is_pbr_red": false
      },
      {
        "date": "2014/03/31",
        "per": -1,
        "pbr": 0.99,
        "is_per_red": true,
        "is_pbr_red": false
      },
      {
        "date": "2015/03/31",
        "per": 18.88,
        "pbr": 1.21,
        "is_per_red": false,
        "is_pbr_red": false
      },
      {
        "date": "2016/03/31",
        "per": 14.35,
        "pbr": 0.93,
        "is_per_red": false,
        "is_pbr_red": false
      },
      {
        "date": "2017/03/31",
        "per": 13.92,
        "pbr": 1.07,
        "is_per_red": false,
        "is_pbr_red": false
      },
      {
        "date": "2018/03/30",
        "per": 6.97,
        "pbr": 0.93,
        "is_per_red": false,
        "is_pbr_red": false
      },
      {
        "date": "2019/03/29",
        "per": 4.91,
        "pbr": 0.69,
        "is_per_red": false,
        "is_pbr_red": false
      },
      {
        "date": "2020/03/30",
        "per": 8.25,
        "pbr": 0.52,
        "is_per_red": false,
        "is_pbr_red": false
      },
      {
        "date": "2021/03/31",
        "per": 5.08,
        "pbr": 0.53,
        "is_per_red": false,
        "is_pbr_red": false
      },
      {
        "date": "2022/03/31",
        "per": 4.59,
        "pbr": 0.48,
        "is_per_red": false,
        "is_pbr_red": false
      },
      {
        "date": "2023/03/31",
        "per": 6.01,
        "pbr": 0.66,
        "is_per_red": false,
        "is_pbr_red": false
      },
      {
        "date": "2024/03/29",
        "per": 5.81,
        "pbr": 0.65,
        "is_per_red": false,
        "is_pbr_red": false
      }
    ],
    "daily_data": [],
    "financial_data": [
      {
        "fiscal_year": "2008/03",
        "sales": 15500.0,
        "operating_profit": 406.0,
        "ordinary_profit": 345.0,
        "net_profit": 191.0,
        "roa": 8.55,
        "operating_margin": 1.8,
        "cost_ratio": 2.62,
        "sga_ratio": 86.01
      },
      {
        "fiscal_year": "2009/03",
        "sales": 14300.0,
        "operating_profit": 113.0,
        "ordinary_profit": 25.0,
        "net_profit": -95.0,
        "roa": -1,
        "operating_margin": -1,
        "cost_ratio": 0.79,
        "sga_ratio": 87.52
      },
      {
        "fiscal_year": "2010/03",
        "sales": 11200.0,
        "operating_profit": 35.0,
        "ordinary_profit": -74.0,
        "net_profit": 14.0,
        "roe": 1.14,
        "roa": 0.79,
        "operating_margin": 0.13,
        "cost_ratio": 0.31,
        "sga_ratio": 87.58
      },
      {
        "fiscal_year": "2011/03",
        "sales": 12500.0,
        "operating_profit": 160.0,
        "ordinary_profit": 53.0,
        "net_profit": 45.0,
        "eps": -94.0,
        "roe": 3.68,
        "roa": 2.7,
        "operating_margin": 0.35,
        "cost_ratio": 1.28,
        "sga_ratio": 87.44
      },
      {
        "fiscal_year": "2012/03",
        "sales": 13000.0,
        "operating_profit": 174.0,
        "ordinary_profit": 84.0,
        "net_profit": 41.0,
        "eps": 8.0,
        "roe": 3.35,
        "roa": 2.48,
        "operating_margin": 0.33,
        "cost_ratio": 1.34,
        "sga_ratio": 87.43
      },
      {
        "fiscal_year": "2013/03",
        "sales": 12600.0,
        "operating_profit": 51.0,
        "ordinary_profit": 56.0,
        "net_profit": 8.0,
        "eps": 40.0,
        "roe": 0.65,
        "roa": 0.48,
        "operating_margin": 0.07,
        "cost_ratio": 0.4,
        "sga_ratio": 88.34
      },
      {
        "fiscal_year": "2014/03",
        "sales": 14000.0,
        "operating_profit": 210.0,
        "ordinary_profit": 150.0,
        "net_profit": -63.0,
        "eps": 42.0,
        "roe": -5.32,
        "roa": -1,
        "operating_margin": -1,
        "cost_ratio": 1.5,
        "sga_ratio": 87.29
      },
      {
        "fiscal_year": "2015/03",
        "sales": 13800.0,
        "operating_profit": 316.0,
        "ordinary_profit": 268.0,
        "net_profit": 116.0,
        "eps": 164.0,
        "roe": 9.8,
        "roa": 6.43,
        "operating_margin": 0.98,
        "cost_ratio": 2.29,
        "sga_ratio": 85.63
      },
      {
        "fiscal_year": "2016/03",
        "sales": 12800.0,
        "operating_profit": 182.0,
        "ordinary_profit": 177.0,
        "net_profit": 113.0,
        "eps": 4.0,
        "roe": 9.55,
        "roa": 6.46,
        "operating_margin": 1.02,
        "cost_ratio": 1.42,
        "sga_ratio": 85.77
      },
      {
        "fiscal_year": "2017/03",
        "sales": 12500.0,
        "operating_profit": 194.0,
        "ordinary_profit": 196.0,
        "net_profit": 153.0,
        "eps": 308.0,
        "roe": 12.93,
        "roa": 7.67,
        "operating_margin": 1.48,
        "cost_ratio": 1.56,
        "sga_ratio": 85.17
      },
      {
        "fiscal_year": "2018/03",
        "sales": 13400.0,
        "operating_profit": 341.0,
        "ordinary_profit": 367.0,
        "net_profit": 307.0,
        "eps": 381.0,
        "roe": 261.56,
        "roa": 13.39,
        "operating_margin": 3.12,
        "cost_ratio": 2.55,
        "sga_ratio": 84.55
      },
      {
        "fiscal_year": "2019/03",
        "sales": 14400.0,
        "operating_profit": 446.0,
        "ordinary_profit": 490.0,
        "net_profit": 361.0,
        "eps": 367.0,
        "roe": 309.09,
        "roa": 14.07,
        "operating_margin": 3.65,
        "cost_ratio": 3.1,
        "sga_ratio": 84.3
      },
      {
        "fiscal_year": "2020/03",
        "sales": 14000.0,
        "operating_profit": 272.0,
        "ordinary_profit": 318.0,
        "net_profit": 161.0,
        "eps": 27.0,
        "roe": 137.86,
        "roa": 6.35,
        "operating_margin": 1.43,
        "cost_ratio": 1.95,
        "sga_ratio": 85.33
      },
      {
        "fiscal_year": "2021/03",
        "sales": 13000.0,
        "operating_profit": 186.0,
        "ordinary_profit": 209.0,
        "net_profit": 324.0,
        "eps": 604.0,
        "roe": 277.43,
        "roa": 10.52,
        "operating_margin": 2.79,
        "cost_ratio": 1.43,
        "sga_ratio": 84.98
      },
      {
        "fiscal_year": "2022/03",
        "sales": 16100.0,
        "operating_profit": 488.0,
        "ordinary_profit": 523.0,
        "net_profit": 358.0,
        "eps": 427.0,
        "roe": 305.3,
        "roa": 10.36,
        "operating_margin": 2.84,
        "cost_ratio": 3.03,
        "sga_ratio": 85.45
      },
      {
        "fiscal_year": "2023/03",
        "sales": 18400.0,
        "operating_profit": 548.0,
        "ordinary_profit": 609.0,
        "net_profit": 442.0,
        "eps": 643.0,
        "roe": 374.96,
        "roa": 11.05,
        "operating_margin": 3.45,
        "cost_ratio": 2.98,
        "sga_ratio": 85.59
      },
      {
        "fiscal_year": "2024/03",
        "sales": 14600.0,
        "operating_profit": 519.0,
        "ordinary_profit": 678.0,
        "net_profit": 512.0,
        "roe": 430.83,
        "roa": 11.11,
        "operating_margin": 3.96,
        "cost_ratio": 3.55,
        "sga_ratio": 82.54
      },
      {
        "fiscal_year": "2025/03",
        "sales": 14000.0,
        "operating_profit": 560.0,
        "ordinary_profit": 600.0,
        "net_profit": 420.0,
        "roe": 350.91,
        "roa": 9.08,
        "operating_margin": 3.31,
        "cost_ratio": 4.0
      }
    ],
    "dividend_data": [
      {
        "fiscal_year": "2011/03",
        "total_dividend": 1.23
      },
      {
        "fiscal_year": "2012/03",
        "total_dividend": 1.27
      },
      {
        "fiscal_year": "2013/03",
        "total_dividend": 1.42
      },
      {
        "fiscal_year": "2016/03",
        "total_dividend": 3.65
      },
      {
        "fiscal_year": "2017/03",
        "total_dividend": 2.78
      },
      {
        "fiscal_year": "2018/03",
        "total_dividend": 4.39
      },
      {
        "fiscal_year": "2019/03",
        "total_dividend": 3.29
      },
      {
        "fiscal_year": "2020/03",
        "total_dividend": 4.4
      },
      {
        "fiscal_year": "2021/03",
        "total_dividend": 3.55
      }
    ]
  },
  {
    "code": 9363,
    "name": "大運",
    "annual_data": [
      {
        "date": "2010/03/31",
        "per": -1,
        "pbr": 1.34,
        "is_per_red": true,
        "is_pbr_red": false
      },
      {
        "date": "2011/03/31",
        "per": 36.59,
        "pbr": 1.06,
        "is_per_red": false,
        "is_pbr_red": false
      },
      {
        "date": "2012/03/30",
        "per": 36.56,
        "pbr": 1.19,
        "is_per_red": false,
        "is_pbr_red": false
      },
      {
        "date": "2013/03/29",
        "per": 47.37,
        "pbr": 1.22,
        "is_per_red": false,
        "is_pbr_red": false
      },
      {
        "date": "2014/03/31",
        "per": 18.93,
        "pbr": 1.64,
        "is_per_red": false,
        "is_pbr_red": false
      },
      {
        "date": "2015/03/31",
        "per": 28.09,
        "pbr": 1.42,
        "is_per_red": false,
        "is_pbr_red": false
      },
      {
        "date": "2016/03/31",
        "per": 15.67,
        "pbr": 1.2,
        "is_per_red": false,
        "is_pbr_red": false
      },
      {
        "date": "2017/03/31",
        "per": 11.29,
        "pbr": 1.18,
        "is_per_red": false,
        "is_pbr_red": false
      },
      {
        "date": "2018/03/30",
        "per": 17.28,
        "pbr": 0.99,
        "is_per_red": false,
        "is_pbr_red": false
      },
      {
        "date": "2019/03/29",
        "per": -1,
        "pbr": 0.81,
        "is_per_red": true,
        "is_pbr_red": false
      },
      {
        "date": "2020/03/31",
        "per": -1,
        "pbr": 0.52,
        "is_per_red": true,
        "is_pbr_red": false
      },
      {
        "date": "2021/03/31",
        "per": 12.45,
        "pbr": 0.68,
        "is_per_red": false,
        "is_pbr_red": false
      },
      {
        "date": "2022/03/31",
        "per": 7.85,
        "pbr": 0.8,
        "is_per_red": false,
        "is_pbr_red": false
      },
      {
        "date": "2023/03/31",
        "per": 7.81,
        "pbr": 0.56,
        "is_per_red": false,
        "is_pbr_red": false
      },
      {
        "date": "2024/03/29",
        "per": 7.53,
        "pbr": 0.59,
        "is_per_red": false,
        "is_pbr_red": false
      }
    ],
    "daily_data": [],
    "financial_data": [],
    "dividend_data": [
      {
        "fiscal_year": "2013/03",
        "total_dividend": 0.0
      }
    ]
  },
  {
    "code": 9364,
    "name": "上組",
    "annual_data": [
      {
        "date": "2010/03/31",
        "per": 18.33,
        "pbr": 0.85,
        "is_per_red": false,
        "is_pbr_red": false
      },
      {
        "date": "2011/03/31",
        "per": 15.17,
        "pbr": 0.78,
        "is_per_red": false,
        "is_pbr_red": false
      },
      {
        "date": "2012/03/30",
        "per": 14.35,
        "pbr": 0.72,
        "is_per_red": false,
        "is_pbr_red": false
      },
      {
        "date": "2013/03/29",
        "per": 18.12,
        "pbr": 0.88,
        "is_per_red": false,
        "is_pbr_red": false
      },
      {
        "date": "2014/03/31",
        "per": 16.94,
        "pbr": 0.9,
        "is_per_red": false,
        "is_pbr_red": false
      },
      {
        "date": "2015/03/31",
        "per": 19.52,
        "pbr": 0.97,
        "is_per_red": false,
        "is_pbr_red": false
      },
      {
        "date": "2016/03/31",
        "per": 16.75,
        "pbr": 0.88,
        "is_per_red": false,
        "is_pbr_red": false
      },
      {
        "date": "2017/03/31",
        "per": 14.68,
        "pbr": 0.76,
        "is_per_red": false,
        "is_pbr_red": false
      },
      {
        "date": "2018/03/30",
        "per": 16.21,
        "pbr": 0.89,
        "is_per_red": false,
        "is_pbr_red": false
      },
      {
        "date": "2019/03/29",
        "per": 16.85,
        "pbr": 0.93,
        "is_per_red": false,
        "is_pbr_red": false
      },
      {
        "date": "2020/03/31",
        "per": 11.79,
        "pbr": 0.64,
        "is_per_red": false,
        "is_pbr_red": false
      },
      {
        "date": "2021/03/31",
        "per": 13.71,
        "pbr": 0.7,
        "is_per_red": false,
        "is_pbr_red": false
      },
      {
        "date": "2022/03/31",
        "per": 12.21,
        "pbr": 0.69,
        "is_per_red": false,
        "is_pbr_red": false
      },
      {
        "date": "2023/03/31",
        "per": 12.6,
        "pbr": 0.82,
        "is_per_red": false,
        "is_pbr_red": false
      },
      {
        "date": "2024/03/29",
        "per": 14.42,
        "pbr": 0.93,
        "is_per_red": false,
        "is_pbr_red": false
      }
    ],
    "daily_data": [],
    "financial_data": [],
    "dividend_data": [
      {
        "fiscal_year": "2010/03",
        "total_dividend": 8.5,
        "dividend_yield": 1.13
      },
      {
        "fiscal_year": "2011/03",
        "total_dividend": 8.5,
        "dividend_yield": 1.2
      },
      {
        "fiscal_year": "2012/03",
        "total_dividend": 9.0,
        "dividend_yield": 1.31
      },
      {
        "fiscal_year": "2013/03",
        "total_dividend": 10.0,
        "dividend_yield": 1.14
      }
    ]
  },
  {
    "code": 9365,
    "name": "トレーディア",
    "annual_data": [
      {
        "date": "2010/03/31",
        "per": 51.13,
        "pbr": 1.03,
        "is_per_red": false,
        "is_pbr_red": false
      },
      {
        "date": "2011/03/31",
        "per": 38.66,
        "pbr": 1.24,
        "is_per_red": false,
        "is_pbr_red": false
      },
      {
        "date": "2012/03/28",
        "per": 19.56,
        "pbr": 1.02,
        "is_per_red": false,
        "is_pbr_red": false
      },
      {
        "date": "2013/03/28",
        "per": 26.95,
        "pbr": 1.0,
        "is_per_red": false,
        "is_pbr_red": false
      },
      {
        "date": "2014/03/31",
        "per": 42.24,
        "pbr": 1.1,
        "is_per_red": false,
        "is_pbr_red": false
      },
      {
        "date": "2015/03/31",
        "per": 28.5,
        "pbr": 0.99,
        "is_per_red": false,
        "is_pbr_red": false
      },
      {
        "date": "2016/03/29",
        "per": 34.48,
        "pbr": 1.0,
        "is_per_red": false,
        "is_pbr_red": false
      },
      {
        "date": "2017/03/31",
        "per": 25.33,
        "pbr": 0.93,
        "is_per_red": false,
        "is_pbr_red": false
      },
      {
        "date": "2018/03/30",
        "per": 15.15,
        "pbr": 0.83,
        "is_per_red": false,
        "is_pbr_red": false
      },
      {
        "date": "2019/03/28",
        "per": 12.29,
        "pbr": 0.75,
        "is_per_red": false,
        "is_pbr_red": false
      },
      {
        "date": "2020/03/25",
        "per": 36.91,
        "pbr": 0.73,
        "is_per_red": false,
        "is_pbr_red": false
      },
      {
        "date": "2021/03/31",
        "per": 18.61,
        "pbr": 0.69,
        "is_per_red": false,
        "is_pbr_red": false
      },
      {
        "date": "2022/03/30",
        "per": 5.8,
        "pbr": 0.55,
        "is_per_red": false,
        "is_pbr_red": false
      },
      {
        "date": "2023/03/31",
        "per": 4.17,
        "pbr": 0.59,
        "is_per_red": false,
        "is_pbr_red": false
      },
      {
        "date": "2024/03/29",
        "per": 6.0,
        "pbr": 0.44,
        "is_per_red": false,
        "is_pbr_red": false
      }
    ],
    "daily_data": [],
    "financial_data": [],
    "dividend_data": [
      {
        "fiscal_year": "2010/03",
        "total_dividend": 3.13
      },
      {
        "fiscal_year": "2011/03",
        "total_dividend": 2.6
      },
      {
        "fiscal_year": "2012/03",
        "total_dividend": 3.11
      },
      {
        "fiscal_year": "2013/03",
        "total_dividend": 3.03
      }
    ]
  },
  {
    "code": 9366,
    "name": "サンリツ",
    "annual_data": [
      {
        "date": "2010/03/31",
        "per": 55.18,
        "pbr": 0.41,
        "is_per_red": false,
        "is_pbr_red": false
      },
      {
        "date": "2011/03/31",
        "per": -1,
        "pbr": 0.46,
        "is_per_red": true,
        "is_pbr_red": false
      },
      {
        "date": "2012/03/30",
        "per": -1,
        "pbr": 0.48,
        "is_per_red": true,
        "is_pbr_red": false
      },
      {
        "date": "2013/03/29",
        "per": -1,
        "pbr": 0.57,
        "is_per_red": true,
        "is_pbr_red": false
      },
      {
        "date": "2014/03/31",
        "per": 30.32,
        "pbr": 0.48,
        "is_per_red": false,
        "is_pbr_red": false
      },
      {
        "date": "2015/03/31",
        "per": 26.17,
        "pbr": 0.48,
        "is_per_red": false,
        "is_pbr_red": false
      },
      {
        "date": "2016/03/31",
        "per": 9.86,
        "pbr": 0.43,
        "is_per_red": false,
        "is_pbr_red": false
      },
      {
        "date": "2017/03/31",
        "per": 11.7,
        "pbr": 0.42,
        "is_per_red": false,
        "is_pbr_red": false
      },
      {
        "date": "2018/03/30",
        "per": 9.21,
        "pbr": 0.56,
        "is_per_red": false,
        "is_pbr_red": false
      },
      {
        "date": "2019/03/29",
        "per": 6.53,
        "pbr": 0.48,
        "is_per_red": false,
        "is_pbr_red": false
      },
      {
        "date": "2020/03/31",
        "per": 6.26,
        "pbr": 0.37,
        "is_per_red": false,
        "is_pbr_red": false
      },
      {
        "date": "2021/03/31",
        "per": 11.1,
        "pbr": 0.48,
        "is_per_red": false,
        "is_pbr_red": false
      },
      {
        "date": "2022/03/31",
        "per": 6.1,
        "pbr": 0.5,
        "is_per_red": false,
        "is_pbr_red": false
      },
      {
        "date": "2023/03/31",
        "per": 4.26,
        "pbr": 0.41,
        "is_per_red": false,
        "is_pbr_red": false
      },
      {
        "date": "2024/03/29",
        "per": 8.86,
        "pbr": 0.48,
        "is_per_red": false,
        "is_pbr_red": false
      }
    ],
    "daily_data": [],
    "financial_data": [
      {
        "fiscal_year": "2008/03",
        "sales": 17500.0,
        "operating_profit": 720.0,
        "ordinary_profit": 697.0,
        "net_profit": 309.0,
        "roa": 3.17,
        "operating_margin": 1.57,
        "cost_ratio": 4.12,
        "sga_ratio": 83.99
      },
      {
        "fiscal_year": "2009/03",
        "sales": 17200.0,
        "operating_profit": 597.0,
        "ordinary_profit": 564.0,
        "net_profit": -358.0,
        "roa": -1,
        "operating_margin": -1,
        "cost_ratio": 3.48,
        "sga_ratio": 84.72
      },
      {
        "fiscal_year": "2010/03",
        "sales": 13900.0,
        "operating_profit": 399.0,
        "ordinary_profit": 353.0,
        "net_profit": 67.0,
        "roe": 11.2,
        "roa": 0.75,
        "operating_margin": 0.39,
        "cost_ratio": 2.88,
        "sga_ratio": 83.2
      },
      {
        "fiscal_year": "2011/03",
        "sales": 15900.0,
        "operating_profit": 594.0,
        "ordinary_profit": 603.0,
        "net_profit": -1150.0,
        "eps": -1260.0,
        "roe": -191.71,
        "roa": -1,
        "operating_margin": -1,
        "cost_ratio": 3.72,
        "sga_ratio": 83.03
      },
      {
        "fiscal_year": "2012/03",
        "sales": 16300.0,
        "operating_profit": 362.0,
        "ordinary_profit": 184.0,
        "net_profit": -419.00000000000006,
        "eps": -462.0,
        "roe": -69.77,
        "roa": -1,
        "operating_margin": -1,
        "cost_ratio": 2.22,
        "sga_ratio": 84.11
      },
      {
        "fiscal_year": "2013/03",
        "sales": 15400.0,
        "operating_profit": 27.0,
        "ordinary_profit": -113.99999999999999,
        "net_profit": -240.0,
        "eps": -219.0,
        "roe": -39.9,
        "roa": -1,
        "operating_margin": -1,
        "cost_ratio": 0.17,
        "sga_ratio": 84.94
      },
      {
        "fiscal_year": "2014/03",
        "sales": 17100.0,
        "operating_profit": 533.0,
        "ordinary_profit": 345.0,
        "net_profit": 108.0,
        "eps": 343.0,
        "roe": 18.01,
        "roa": 1.57,
        "operating_margin": 0.47,
        "cost_ratio": 3.13,
        "sga_ratio": 83.21
      },
      {
        "fiscal_year": "2015/03",
        "sales": 17800.0,
        "operating_profit": 565.0,
        "ordinary_profit": 386.0,
        "net_profit": 127.0,
        "eps": 188.0,
        "roe": 21.13,
        "roa": 1.82,
        "operating_margin": 0.59,
        "cost_ratio": 3.17,
        "sga_ratio": 82.92
      },
      {
        "fiscal_year": "2016/03",
        "sales": 15600.0,
        "operating_profit": 769.0,
        "ordinary_profit": 628.0,
        "net_profit": 306.0,
        "eps": 73.0,
        "roe": 50.9,
        "roa": 4.4,
        "operating_margin": 1.51,
        "cost_ratio": 4.91,
        "sga_ratio": 80.61
      },
      {
        "fiscal_year": "2017/03",
        "sales": 14600.0,
        "operating_profit": 627.0,
        "ordinary_profit": 478.0,
        "net_profit": 259.0,
        "eps": 405.99999999999994,
        "roe": 45.03,
        "roa": 3.68,
        "operating_margin": 1.37,
        "cost_ratio": 4.29,
        "sga_ratio": 80.34
      },
      {
        "fiscal_year": "2018/03",
        "sales": 16600.0,
        "operating_profit": 817.0,
        "ordinary_profit": 712.0,
        "net_profit": 459.99999999999994,
        "eps": 587.0,
        "roe": 82.31,
        "roa": 6.1,
        "operating_margin": 2.35,
        "cost_ratio": 4.91,
        "sga_ratio": 81.23
      },
      {
        "fiscal_year": "2019/03",
        "sales": 17600.0,
        "operating_profit": 981.0,
        "ordinary_profit": 884.0,
        "net_profit": 587.0,
        "eps": 539.0,
        "roe": 105.14,
        "roa": 7.4,
        "operating_margin": 3.03,
        "cost_ratio": 5.56,
        "sga_ratio": 80.74
      },
      {
        "fiscal_year": "2020/03",
        "sales": 16400.0,
        "operating_profit": 832.0,
        "ordinary_profit": 770.0,
        "net_profit": 479.0,
        "eps": 417.0,
        "roe": 85.76,
        "roa": 5.84,
        "operating_margin": 2.53,
        "cost_ratio": 5.07,
        "sga_ratio": 80.11
      },
      {
        "fiscal_year": "2021/03",
        "sales": 15200.0,
        "operating_profit": 599.0,
        "ordinary_profit": 520.0,
        "net_profit": 368.0,
        "eps": 424.0,
        "roe": 65.79,
        "roa": 4.33,
        "operating_margin": 1.86,
        "cost_ratio": 3.94,
        "sga_ratio": 79.05
      },
      {
        "fiscal_year": "2022/03",
        "sales": 18500.0,
        "operating_profit": 1060.0,
        "ordinary_profit": 1110.0,
        "net_profit": 759.0,
        "eps": 899.0,
        "roe": 135.15,
        "roa": 8.16,
        "operating_margin": 3.71,
        "cost_ratio": 5.73,
        "sga_ratio": 79.26
      },
      {
        "fiscal_year": "2023/03",
        "sales": 20300.0,
        "operating_profit": 1019.9999999999999,
        "ordinary_profit": 1200.0,
        "net_profit": 981.0,
        "eps": 1130.0,
        "roe": 175.0,
        "roa": 9.7,
        "operating_margin": 4.63,
        "cost_ratio": 5.01,
        "sga_ratio": 79.63
      },
      {
        "fiscal_year": "2024/03",
        "sales": 19400.0,
        "operating_profit": 866.0,
        "ordinary_profit": 787.0,
        "net_profit": 573.0,
        "eps": 763.0,
        "roe": 103.28,
        "roa": 5.39,
        "operating_margin": 2.68,
        "cost_ratio": 4.46,
        "sga_ratio": 77.45
      },
      {
        "fiscal_year": "2025/03",
        "sales": 20500.0,
        "operating_profit": 919.9999999999999,
        "ordinary_profit": 900.0,
        "net_profit": 620.0,
        "roe": 110.75,
        "roa": 5.5,
        "operating_margin": 2.72,
        "cost_ratio": 4.49
      }
    ],
    "dividend_data": [
      {
        "fiscal_year": "2010/03",
        "total_dividend": 24.5,
        "dividend_yield": 3.96
      },
      {
        "fiscal_year": "2011/03",
        "total_dividend": 24.5,
        "dividend_yield": 4.23
      },
      {
        "fiscal_year": "2012/03",
        "total_dividend": 24.5,
        "dividend_yield": 4.34
      },
      {
        "fiscal_year": "2013/03",
        "total_dividend": 24.5,
        "dividend_yield": 3.9
      }
    ]
  },
  {
    "code": 9367,
    "name": "大東港運",
    "annual_data": [
      {
        "date": "2010/03/30",
        "per": 16.23,
        "pbr": 0.62,
        "is_per_red": false,
        "is_pbr_red": false
      },
      {
        "date": "2011/03/28",
        "per": 7.92,
        "pbr": 0.58,
        "is_per_red": false,
        "is_pbr_red": false
      },
      {
        "date": "2012/03/21",
        "per": 8.31,
        "pbr": 0.62,
        "is_per_red": false,
        "is_pbr_red": false
      },
      {
        "date": "2013/03/25",
        "per": 8.62,
        "pbr": 0.67,
        "is_per_red": false,
        "is_pbr_red": false
      },
      {
        "date": "2014/03/28",
        "per": 7.39,
        "pbr": 0.66,
        "is_per_red": false,
        "is_pbr_red": false
      },
      {
        "date": "2015/03/31",
        "per": 8.31,
        "pbr": 0.81,
        "is_per_red": false,
        "is_pbr_red": false
      },
      {
        "date": "2016/03/31",
        "per": 6.29,
        "pbr": 0.71,
        "is_per_red": false,
        "is_pbr_red": false
      },
      {
        "date": "2017/03/31",
        "per": 6.71,
        "pbr": 0.69,
        "is_per_red": false,
        "is_pbr_red": false
      },
      {
        "date": "2018/03/30",
        "per": 10.92,
        "pbr": 0.9,
        "is_per_red": false,
        "is_pbr_red": false
      },
      {
        "date": "2019/03/28",
        "per": 8.9,
        "pbr": 0.84,
        "is_per_red": false,
        "is_pbr_red": false
      },
      {
        "date": "2020/03/31",
        "per": 6.63,
        "pbr": 0.7,
        "is_per_red": false,
        "is_pbr_red": false
      },
      {
        "date": "2021/03/31",
        "per": 8.87,
        "pbr": 0.75,
        "is_per_red": false,
        "is_pbr_red": false
      },
      {
        "date": "2022/03/31",
        "per": 7.24,
        "pbr": 0.79,
        "is_per_red": false,
        "is_pbr_red": false
      },
      {
        "date": "2023/03/31",
        "per": 7.73,
        "pbr": 0.72,
        "is_per_red": false,
        "is_pbr_red": false
      },
      {
        "date": "2024/03/29",
        "per": 12.64,
        "pbr": 0.75,
        "is_per_red": false,
        "is_pbr_red": false
      }
    ],
    "daily_data": [],
    "financial_data": [],
    "dividend_data": [
      {
        "fiscal_year": "2010/03",
        "total_dividend": 7.0,
        "dividend_yield": 3.55
      },
      {
        "fiscal_year": "2011/03",
        "total_dividend": 7.0,
        "dividend_yield": 3.61
      },
      {
        "fiscal_year": "2012/03",
        "total_dividend": 7.0,
        "dividend_yield": 3.15
      },
      {
        "fiscal_year": "2013/03",
        "total_dividend": 7.0,
        "dividend_yield": 2.69
      }
    ]
  },
  {
    "code": 9368,
    "name": "キムラユニティー",
    "annual_data": [
      {
        "date": "2010/03/31",
        "per": 26.51,
        "pbr": 0.47,
        "is_per_red": false,
        "is_pbr_red": false
      },
      {
        "date": "2011/03/31",
        "per": 13.87,
        "pbr": 0.42,
        "is_per_red": false,
        "is_pbr_red": false
      },
      {
        "date": "2012/03/30",
        "per": 12.93,
        "pbr": 0.44,
        "is_per_red": false,
        "is_pbr_red": false
      },
      {
        "date": "2013/03/29",
        "per": 12.03,
        "pbr": 0.51,
        "is_per_red": false,
        "is_pbr_red": false
      },
      {
        "date": "2014/03/31",
        "per": 9.23,
        "pbr": 0.49,
        "is_per_red": false,
        "is_pbr_red": false
      },
      {
        "date": "2015/03/31",
        "per": 11.95,
        "pbr": 0.48,
        "is_per_red": false,
        "is_pbr_red": false
      },
      {
        "date": "2016/03/31",
        "per": 13.1,
        "pbr": 0.54,
        "is_per_red": false,
        "is_pbr_red": false
      },
      {
        "date": "2017/03/31",
        "per": 13.46,
        "pbr": 0.55,
        "is_per_red": false,
        "is_pbr_red": false
      },
      {
        "date": "2018/03/30",
        "per": 16.01,
        "pbr": 0.51,
        "is_per_red": false,
        "is_pbr_red": false
      },
      {
        "date": "2019/03/29",
        "per": 9.05,
        "pbr": 0.48,
        "is_per_red": false,
        "is_pbr_red": false
      },
      {
        "date": "2020/03/31",
        "per": 7.08,
        "pbr": 0.43,
        "is_per_red": false,
        "is_pbr_red": false
      },
      {
        "date": "2021/03/31",
        "per": 9.11,
        "pbr": 0.5,
        "is_per_red": false,
        "is_pbr_red": false
      },
      {
        "date": "2022/03/31",
        "per": 7.33,
        "pbr": 0.49,
        "is_per_red": false,
        "is_pbr_red": false
      },
      {
        "date": "2023/03/31",
        "per": 9.49,
        "pbr": 0.69,
        "is_per_red": false,
        "is_pbr_red": false
      },
      {
        "date": "2024/03/29",
        "per": 11.83,
        "pbr": 0.95,
        "is_per_red": false,
        "is_pbr_red": false
      }
    ],
    "daily_data": [],
    "financial_data": [
      {
        "fiscal_year": "2008/03",
        "sales": 40500.0,
        "operating_profit": 1340.0,
        "ordinary_profit": 1530.0,
        "net_profit": 693.0,
        "roa": 3.3,
        "operating_margin": 2.01,
        "cost_ratio": 3.3,
        "sga_ratio": 84.73
      },
      {
        "fiscal_year": "2009/03",
        "sales": 38000.0,
        "operating_profit": 234.0,
        "ordinary_profit": 393.0,
        "net_profit": 192.0,
        "roa": 0.96,
        "operating_margin": 0.5,
        "cost_ratio": 0.62,
        "sga_ratio": 87.24
      },
      {
        "fiscal_year": "2010/03",
        "sales": 35000.0,
        "operating_profit": 961.0,
        "ordinary_profit": 986.0,
        "net_profit": 359.0,
        "roe": 14.86,
        "roa": 1.78,
        "operating_margin": 0.9,
        "cost_ratio": 2.75,
        "sga_ratio": 84.85
      },
      {
        "fiscal_year": "2011/03",
        "sales": 35400.0,
        "operating_profit": 981.0,
        "ordinary_profit": 1100.0,
        "net_profit": 609.0,
        "eps": 371.0,
        "roe": 25.23,
        "roa": 3.01,
        "operating_margin": 1.53,
        "cost_ratio": 2.77,
        "sga_ratio": 85.06
      },
      {
        "fiscal_year": "2012/03",
        "sales": 38200.0,
        "operating_profit": 1280.0,
        "ordinary_profit": 1410.0,
        "net_profit": 708.0,
        "eps": 844.0,
        "roe": 29.31,
        "roa": 3.4,
        "operating_margin": 1.73,
        "cost_ratio": 3.36,
        "sga_ratio": 84.41
      },
      {
        "fiscal_year": "2013/03",
        "sales": 38700.0,
        "operating_profit": 1360.0,
        "ordinary_profit": 1670.0,
        "net_profit": 928.9999999999999,
        "eps": 1400.0,
        "roe": 38.5,
        "roa": 4.25,
        "operating_margin": 2.21,
        "cost_ratio": 3.51,
        "sga_ratio": 84.67
      },
      {
        "fiscal_year": "2014/03",
        "sales": 40800.0,
        "operating_profit": 1689.9999999999998,
        "ordinary_profit": 2130.0,
        "net_profit": 1230.0,
        "eps": 2450.0,
        "roe": 50.81,
        "roa": 5.32,
        "operating_margin": 2.56,
        "cost_ratio": 4.14,
        "sga_ratio": 83.86
      },
      {
        "fiscal_year": "2015/03",
        "sales": 45800.0,
        "operating_profit": 1520.0,
        "ordinary_profit": 2020.0,
        "net_profit": 1030.0,
        "eps": 3300.0,
        "roe": 42.67,
        "roa": 3.99,
        "operating_margin": 2.02,
        "cost_ratio": 3.32,
        "sga_ratio": 84.3
      },
      {
        "fiscal_year": "2016/03",
        "sales": 48000.0,
        "operating_profit": 1950.0,
        "ordinary_profit": 1939.9999999999998,
        "net_profit": 1019.9999999999999,
        "eps": -497.0,
        "roe": 42.21,
        "roa": 4.1,
        "operating_margin": 1.99,
        "cost_ratio": 4.06,
        "sga_ratio": 83.95
      },
      {
        "fiscal_year": "2017/03",
        "sales": 47000.0,
        "operating_profit": 1710.0000000000002,
        "ordinary_profit": 1960.0000000000002,
        "net_profit": 1040.0,
        "eps": 919.0,
        "roe": 43.17,
        "roa": 4.1,
        "operating_margin": 2.04,
        "cost_ratio": 3.64,
        "sga_ratio": 83.85
      },
      {
        "fiscal_year": "2018/03",
        "sales": 48900.0,
        "operating_profit": 1550.0,
        "ordinary_profit": 1720.0,
        "net_profit": 840.0,
        "eps": 1750.0,
        "roe": 34.8,
        "roa": 3.16,
        "operating_margin": 1.63,
        "cost_ratio": 3.17,
        "sga_ratio": 84.49
      },
      {
        "fiscal_year": "2019/03",
        "sales": 52800.0,
        "operating_profit": 2230.0,
        "ordinary_profit": 2430.0,
        "net_profit": 1450.0,
        "eps": 1010.0,
        "roe": 60.12,
        "roa": 5.33,
        "operating_margin": 2.81,
        "cost_ratio": 4.22,
        "sga_ratio": 83.51
      },
      {
        "fiscal_year": "2020/03",
        "sales": 54300.0,
        "operating_profit": 2560.0,
        "ordinary_profit": 2750.0,
        "net_profit": 1660.0000000000002,
        "eps": 795.0,
        "roe": 68.65,
        "roa": 6.03,
        "operating_margin": 3.15,
        "cost_ratio": 4.7,
        "sga_ratio": 82.58
      },
      {
        "fiscal_year": "2021/03",
        "sales": 51800.0,
        "operating_profit": 2430.0,
        "ordinary_profit": 2810.0,
        "net_profit": 1600.0,
        "eps": 2650.0,
        "roe": 66.41,
        "roa": 5.45,
        "operating_margin": 2.97,
        "cost_ratio": 4.7,
        "sga_ratio": 81.96
      },
      {
        "fiscal_year": "2022/03",
        "sales": 57100.0,
        "operating_profit": 2940.0,
        "ordinary_profit": 3670.0000000000005,
        "net_profit": 2180.0,
        "eps": 3820.0000000000005,
        "roe": 91.48,
        "roa": 6.82,
        "operating_margin": 3.89,
        "cost_ratio": 5.15,
        "sga_ratio": 81.92
      },
      {
        "fiscal_year": "2023/03",
        "sales": 59100.0,
        "operating_profit": 3270.0000000000005,
        "ordinary_profit": 3970.0000000000005,
        "net_profit": 2470.0,
        "eps": 3570.0000000000005,
        "roe": 108.87,
        "roa": 7.39,
        "operating_margin": 4.28,
        "cost_ratio": 5.53,
        "sga_ratio": 81.8
      },
      {
        "fiscal_year": "2024/03",
        "sales": 61500.0,
        "operating_profit": 4110.0,
        "ordinary_profit": 4900.0,
        "net_profit": 3170.0,
        "eps": 7559.999999999999,
        "roe": 144.15,
        "roa": 8.19,
        "operating_margin": 4.9,
        "cost_ratio": 6.68,
        "sga_ratio": 80.54
      },
      {
        "fiscal_year": "2025/03",
        "sales": 63000.0,
        "operating_profit": 4400.0,
        "ordinary_profit": 5200.0,
        "net_profit": 3300.0,
        "roe": 152.55,
        "roa": 8.31,
        "operating_margin": 5.19,
        "cost_ratio": 6.98
      }
    ],
    "dividend_data": [
      {
        "fiscal_year": "2010/03",
        "total_dividend": 20.0,
        "dividend_yield": 10.0
      },
      {
        "fiscal_year": "2011/03",
        "total_dividend": 20.0,
        "dividend_yield": 10.0
      },
      {
        "fiscal_year": "2012/03",
        "total_dividend": 20.0,
        "dividend_yield": 10.0
      },
      {
        "fiscal_year": "2013/03",
        "total_dividend": 22.0,
        "dividend_yield": 11.0
      }
    ]
  },
  {
    "code": 9369,
    "name": "キユーソー流通システム",
    "annual_data": [
      {
        "date": "2010/11/30",
        "per": 26.68,
        "pbr": 0.44,
        "is_per_red": false,
        "is_pbr_red": false
      },
      {
        "date": "2011/11/30",
        "per": 22.03,
        "pbr": 0.43,
        "is_per_red": false,
        "is_pbr_red": false
      },
      {
        "date": "2012/11/30",
        "per": 9.29,
        "pbr": 0.45,
        "is_per_red": false,
        "is_pbr_red": false
      },
      {
        "date": "2013/11/29",
        "per": 10.47,
        "pbr": 0.48,
        "is_per_red": false,
        "is_pbr_red": false
      },
      {
        "date": "2014/11/28",
        "per": 12.44,
        "pbr": 0.58,
        "is_per_red": false,
        "is_pbr_red": false
      },
      {
        "date": "2015/11/30",
        "per": 15.25,
        "pbr": 1.09,
        "is_per_red": false,
        "is_pbr_red": false
      },
      {
        "date": "2016/11/30",
        "per": 11.12,
        "pbr": 0.93,
        "is_per_red": false,
        "is_pbr_red": false
      },
      {
        "date": "2017/11/30",
        "per": 14.53,
        "pbr": 1.17,
        "is_per_red": false,
        "is_pbr_red": false
      },
      {
        "date": "2018/11/30",
        "per": 13.38,
        "pbr": 0.88,
        "is_per_red": false,
        "is_pbr_red": false
      },
      {
        "date": "2019/11/29",
        "per": 12.68,
        "pbr": 0.64,
        "is_per_red": false,
        "is_pbr_red": false
      },
      {
        "date": "2020/11/30",
        "per": 17.28,
        "pbr": 0.56,
        "is_per_red": false,
        "is_pbr_red": false
      },
      {
        "date": "2021/11/30",
        "per": 14.04,
        "pbr": 0.57,
        "is_per_red": false,
        "is_pbr_red": false
      },
      {
        "date": "2022/11/30",
        "per": 17.61,
        "pbr": 0.62,
        "is_per_red": false,
        "is_pbr_red": false
      },
      {
        "date": "2023/11/30",
        "per": -1,
        "pbr": 0.56,
        "is_per_red": true,
        "is_pbr_red": false
      }
    ],
    "daily_data": [],
    "financial_data": [],
    "dividend_data": [
      {
        "fiscal_year": "2010/03",
        "total_dividend": 16.0,
        "dividend_yield": 8.0
      },
      {
        "fiscal_year": "2011/03",
        "total_dividend": 17.0,
        "dividend_yield": 8.5
      },
      {
        "fiscal_year": "2012/03",
        "total_dividend": 17.0,
        "dividend_yield": 8.5
      }
    ]
  },
  {
    "code": 9377,
    "name": "エージーピー",
    "annual_data": [
      {
        "date": "2010/03/29",
        "per": 10.24,
        "pbr": 0.69,
        "is_per_red": false,
        "is_pbr_red": false
      },
      {
        "date": "2011/03/25",
        "per": 18.25,
        "pbr": 0.66,
        "is_per_red": false,
        "is_pbr_red": false
      },
      {
        "date": "2012/03/27",
        "per": 30.19,
        "pbr": 0.63,
        "is_per_red": false,
        "is_pbr_red": false
      },
      {
        "date": "2013/03/28",
        "per": 11.87,
        "pbr": 0.67,
        "is_per_red": false,
        "is_pbr_red": false
      },
      {
        "date": "2014/03/28",
        "per": 7.82,
        "pbr": 0.71,
        "is_per_red": false,
        "is_pbr_red": false
      },
      {
        "date": "2015/03/31",
        "per": 9.63,
        "pbr": 0.67,
        "is_per_red": false,
        "is_pbr_red": false
      },
      {
        "date": "2016/03/31",
        "per": 9.93,
        "pbr": 0.77,
        "is_per_red": false,
        "is_pbr_red": false
      },
      {
        "date": "2017/03/31",
        "per": 14.94,
        "pbr": 1.46,
        "is_per_red": false,
        "is_pbr_red": false
      },
      {
        "date": "2018/03/30",
        "per": 17.96,
        "pbr": 1.94,
        "is_per_red": false,
        "is_pbr_red": false
      },
      {
        "date": "2019/03/29",
        "per": 11.52,
        "pbr": 1.11,
        "is_per_red": false,
        "is_pbr_red": false
      },
      {
        "date": "2020/03/31",
        "per": 9.99,
        "pbr": 0.53,
        "is_per_red": false,
        "is_pbr_red": false
      },
      {
        "date": "2021/03/31",
        "per": -1,
        "pbr": 0.82,
        "is_per_red": true,
        "is_pbr_red": false
      },
      {
        "date": "2022/03/31",
        "per": 657.32,
        "pbr": 0.8,
        "is_per_red": false,
        "is_pbr_red": false
      },
      {
        "date": "2023/03/31",
        "per": 21.49,
        "pbr": 1.14,
        "is_per_red": false,
        "is_pbr_red": false
      },
      {
        "date": "2024/03/29",
        "per": 16.84,
        "pbr": 1.24,
        "is_per_red": false,
        "is_pbr_red": false
      }
    ],
    "daily_data": [],
    "financial_data": [
      {
        "fiscal_year": "2008/03",
        "sales": 12100.0,
        "operating_profit": 961.0,
        "ordinary_profit": 890.0,
        "net_profit": 501.0,
        "roa": 9.91,
        "operating_margin": 4.46,
        "cost_ratio": 7.97,
        "sga_ratio": 84.82
      },
      {
        "fiscal_year": "2009/03",
        "sales": 11900.0,
        "operating_profit": 961.0,
        "ordinary_profit": 909.0,
        "net_profit": 505.0,
        "roa": 9.3,
        "operating_margin": 4.64,
        "cost_ratio": 8.07,
        "sga_ratio": 84.6
      },
      {
        "fiscal_year": "2010/03",
        "sales": 11500.0,
        "operating_profit": 687.0,
        "ordinary_profit": 630.0,
        "net_profit": 383.0,
        "roe": 27.44,
        "roa": 6.74,
        "operating_margin": 3.16,
        "cost_ratio": 6.0,
        "sga_ratio": 86.24
      },
      {
        "fiscal_year": "2011/03",
        "sales": 10700.0,
        "operating_profit": 524.0,
        "ordinary_profit": 461.00000000000006,
        "net_profit": 209.0,
        "eps": 208.0,
        "roe": 15.01,
        "roa": 3.64,
        "operating_margin": 1.72,
        "cost_ratio": 4.87,
        "sga_ratio": 87.71
      },
      {
        "fiscal_year": "2012/03",
        "sales": 10100.0,
        "operating_profit": 424.0,
        "ordinary_profit": 375.0,
        "net_profit": 120.0,
        "eps": 120.0,
        "roe": 8.58,
        "roa": 2.08,
        "operating_margin": 1.03,
        "cost_ratio": 4.21,
        "sga_ratio": 88.54
      },
      {
        "fiscal_year": "2013/03",
        "sales": 10500.0,
        "operating_profit": 807.0,
        "ordinary_profit": 759.0,
        "net_profit": 340.0,
        "eps": 337.0,
        "roe": 24.35,
        "roa": 5.67,
        "operating_margin": 2.92,
        "cost_ratio": 7.72,
        "sga_ratio": 85.23
      },
      {
        "fiscal_year": "2014/03",
        "sales": 11300.0,
        "operating_profit": 1080.0,
        "ordinary_profit": 1080.0,
        "net_profit": 570.0,
        "eps": 578.0,
        "roe": 40.9,
        "roa": 9.06,
        "operating_margin": 4.45,
        "cost_ratio": 9.57,
        "sga_ratio": 83.83
      },
      {
        "fiscal_year": "2015/03",
        "sales": 10700.0,
        "operating_profit": 779.0,
        "ordinary_profit": 861.0,
        "net_profit": 469.0,
        "eps": 613.0,
        "roe": 33.64,
        "roa": 6.94,
        "operating_margin": 3.87,
        "cost_ratio": 7.3,
        "sga_ratio": 85.77
      },
      {
        "fiscal_year": "2016/03",
        "sales": 11600.0,
        "operating_profit": 888.0000000000001,
        "ordinary_profit": 902.0,
        "net_profit": 548.0,
        "eps": 407.0,
        "roe": 39.29,
        "roa": 7.76,
        "operating_margin": 4.29,
        "cost_ratio": 7.67,
        "sga_ratio": 84.07
      },
      {
        "fiscal_year": "2017/03",
        "sales": 12300.0,
        "operating_profit": 1120.0,
        "ordinary_profit": 1130.0,
        "net_profit": 754.0,
        "eps": 819.0,
        "roe": 54.09,
        "roa": 9.75,
        "operating_margin": 5.72,
        "cost_ratio": 9.08,
        "sga_ratio": 82.8
      },
      {
        "fiscal_year": "2018/03",
        "sales": 13200.0,
        "operating_profit": 1400.0,
        "ordinary_profit": 1390.0,
        "net_profit": 915.0,
        "eps": 837.0,
        "roe": 65.6,
        "roa": 10.8,
        "operating_margin": 6.71,
        "cost_ratio": 10.64,
        "sga_ratio": 81.87
      },
      {
        "fiscal_year": "2019/03",
        "sales": 13800.0,
        "operating_profit": 1360.0,
        "ordinary_profit": 1350.0,
        "net_profit": 878.0,
        "eps": 994.0,
        "roe": 62.94,
        "roa": 9.62,
        "operating_margin": 6.42,
        "cost_ratio": 9.82,
        "sga_ratio": 82.96
      },
      {
        "fiscal_year": "2020/03",
        "sales": 14700.0,
        "operating_profit": 1420.0,
        "ordinary_profit": 1450.0,
        "net_profit": 499.0,
        "eps": 445.0,
        "roe": 35.75,
        "roa": 5.32,
        "operating_margin": 3.39,
        "cost_ratio": 9.65,
        "sga_ratio": 82.07
      },
      {
        "fiscal_year": "2021/03",
        "sales": 10400.0,
        "operating_profit": -131.0,
        "ordinary_profit": -57.99999999999999,
        "net_profit": -46.0,
        "eps": 70.0,
        "roe": -3.29,
        "roa": -1,
        "operating_margin": -1,
        "cost_ratio": -1.26,
        "sga_ratio": 92.59
      },
      {
        "fiscal_year": "2022/03",
        "sales": 10400.0,
        "operating_profit": 122.0,
        "ordinary_profit": 236.0,
        "net_profit": 11.0,
        "eps": 27.0,
        "roe": 0.82,
        "roa": 0.12,
        "operating_margin": 0.08,
        "cost_ratio": 1.17,
        "sga_ratio": 89.81
      },
      {
        "fiscal_year": "2023/03",
        "sales": 11000.0,
        "operating_profit": 528.0,
        "ordinary_profit": 513.0,
        "net_profit": 511.0,
        "eps": 601.0,
        "roe": 37.27,
        "roa": 5.57,
        "operating_margin": 3.83,
        "cost_ratio": 4.78,
        "sga_ratio": 85.78
      },
      {
        "fiscal_year": "2024/03",
        "sales": 13000.0,
        "operating_profit": 1060.0,
        "ordinary_profit": 1080.0,
        "net_profit": 689.0,
        "eps": 703.0,
        "roe": 52.76,
        "roa": 7.37,
        "operating_margin": 5.0,
        "cost_ratio": 8.16,
        "sga_ratio": 81.18
      },
      {
        "fiscal_year": "2025/03",
        "sales": 14300.0,
        "operating_profit": 1070.0,
        "ordinary_profit": 1120.0,
        "net_profit": 750.0,
        "roe": 57.39,
        "roa": 8.06,
        "operating_margin": 5.77,
        "cost_ratio": 7.48
      }
    ],
    "dividend_data": [
      {
        "fiscal_year": "2010/03",
        "total_dividend": 9.0,
        "dividend_yield": 3.2
      },
      {
        "fiscal_year": "2011/03",
        "total_dividend": 9.0,
        "dividend_yield": 3.28
      },
      {
        "fiscal_year": "2012/03",
        "total_dividend": 7.0,
        "dividend_yield": 2.7
      },
      {
        "fiscal_year": "2013/03",
        "total_dividend": 9.0,
        "dividend_yield": 3.11
      }
    ]
  },
  {
    "code": 9380,
    "name": "東海運",
    "annual_data": [
      {
        "date": "2010/03/31",
        "per": -1,
        "pbr": 0.56,
        "is_per_red": true,
        "is_pbr_red": false
      },
      {
        "date": "2011/03/31",
        "per": 18.06,
        "pbr": 0.48,
        "is_per_red": false,
        "is_pbr_red": false
      },
      {
        "date": "2012/03/30",
        "per": 19.6,
        "pbr": 0.62,
        "is_per_red": false,
        "is_pbr_red": false
      },
      {
        "date": "2013/03/29",
        "per": 20.57,
        "pbr": 0.63,
        "is_per_red": false,
        "is_pbr_red": false
      },
      {
        "date": "2014/03/31",
        "per": 17.4,
        "pbr": 0.58,
        "is_per_red": false,
        "is_pbr_red": false
      },
      {
        "date": "2015/03/31",
        "per": 11.67,
        "pbr": 0.59,
        "is_per_red": false,
        "is_pbr_red": false
      },
      {
        "date": "2016/03/31",
        "per": 9.5,
        "pbr": 0.53,
        "is_per_red": false,
        "is_pbr_red": false
      },
      {
        "date": "2017/03/31",
        "per": 25.11,
        "pbr": 0.85,
        "is_per_red": false,
        "is_pbr_red": false
      },
      {
        "date": "2018/03/30",
        "per": 20.42,
        "pbr": 0.74,
        "is_per_red": false,
        "is_pbr_red": false
      },
      {
        "date": "2019/03/29",
        "per": 22.95,
        "pbr": 0.5,
        "is_per_red": false,
        "is_pbr_red": false
      },
      {
        "date": "2020/03/31",
        "per": 25.61,
        "pbr": 0.47,
        "is_per_red": false,
        "is_pbr_red": false
      },
      {
        "date": "2021/03/31",
        "per": 24.93,
        "pbr": 0.64,
        "is_per_red": false,
        "is_pbr_red": false
      },
      {
        "date": "2022/03/31",
        "per": 13.0,
        "pbr": 0.51,
        "is_per_red": false,
        "is_pbr_red": false
      },
      {
        "date": "2023/03/31",
        "per": 40.42,
        "pbr": 0.49,
        "is_per_red": false,
        "is_pbr_red": false
      },
      {
        "date": "2024/03/29",
        "per": 26.32,
        "pbr": 0.5,
        "is_per_red": false,
        "is_pbr_red": false
      }
    ],
    "daily_data": [],
    "financial_data": [],
    "dividend_data": [
      {
        "fiscal_year": "2010/03",
        "total_dividend": 5.0,
        "dividend_yield": 2.15
      },
      {
        "fiscal_year": "2011/03",
        "total_dividend": 5.0,
        "dividend_yield": 2.46
      },
      {
        "fiscal_year": "2012/03",
        "total_dividend": 5.0,
        "dividend_yield": 1.91
      },
      {
        "fiscal_year": "2013/03",
        "total_dividend": 5.0,
        "dividend_yield": 1.83
      }
    ]
  },
  {
    "code": 9381,
    "name": "エーアイテイー",
    "annual_data": [
      {
        "date": "2010/02/26",
        "per": 9.0,
        "pbr": 2.28,
        "is_per_red": false,
        "is_pbr_red": false
      },
      {
        "date": "2011/02/28",
        "per": 10.14,
        "pbr": 2.64,
        "is_per_red": false,
        "is_pbr_red": false
      },
      {
        "date": "2012/02/29",
        "per": 9.09,
        "pbr": 2.19,
        "is_per_red": false,
        "is_pbr_red": false
      },
      {
        "date": "2013/02/28",
        "per": 11.38,
        "pbr": 2.77,
        "is_per_red": false,
        "is_pbr_red": false
      },
      {
        "date": "2014/02/28",
        "per": 15.63,
        "pbr": 3.53,
        "is_per_red": false,
        "is_pbr_red": false
      },
      {
        "date": "2015/02/27",
        "per": 21.52,
        "pbr": 4.61,
        "is_per_red": false,
        "is_pbr_red": false
      },
      {
        "date": "2016/02/29",
        "per": 17.18,
        "pbr": 3.79,
        "is_per_red": false,
        "is_pbr_red": false
      },
      {
        "date": "2017/02/28",
        "per": 19.77,
        "pbr": 3.84,
        "is_per_red": false,
        "is_pbr_red": false
      },
      {
        "date": "2018/02/28",
        "per": 19.34,
        "pbr": 3.81,
        "is_per_red": false,
        "is_pbr_red": false
      },
      {
        "date": "2019/02/28",
        "per": 17.54,
        "pbr": 3.45,
        "is_per_red": false,
        "is_pbr_red": false
      },
      {
        "date": "2020/02/28",
        "per": 14.73,
        "pbr": 1.71,
        "is_per_red": false,
        "is_pbr_red": false
      },
      {
        "date": "2021/02/26",
        "per": 13.48,
        "pbr": 1.93,
        "is_per_red": false,
        "is_pbr_red": false
      },
      {
        "date": "2022/02/28",
        "per": 13.11,
        "pbr": 2.23,
        "is_per_red": false,
        "is_pbr_red": false
      },
      {
        "date": "2023/02/28",
        "per": 9.76,
        "pbr": 2.2,
        "is_per_red": false,
        "is_pbr_red": false
      },
      {
        "date": "2024/02/29",
        "per": 14.11,
        "pbr": 2.41,
        "is_per_red": false,
        "is_pbr_red": false
      }
    ],
    "daily_data": [],
    "financial_data": [],
    "dividend_data": [
      {
        "fiscal_year": "2010/03",
        "total_dividend": 6500.0,
        "dividend_yield": 8.13
      },
      {
        "fiscal_year": "2011/03",
        "total_dividend": 42.5,
        "dividend_yield": 10.63
      },
      {
        "fiscal_year": "2012/03",
        "total_dividend": 54.0,
        "dividend_yield": 13.5
      },
      {
        "fiscal_year": "2013/03",
        "total_dividend": 60.0,
        "dividend_yield": 15.0
      }
    ]
  },
  {
    "code": 9384,
    "name": "内外トランスライン",
    "annual_data": [
      {
        "date": "2009/12/30",
        "per": 6.77,
        "pbr": 0.64,
        "is_per_red": false,
        "is_pbr_red": false
      },
      {
        "date": "2010/12/30",
        "per": 7.18,
        "pbr": 1.0,
        "is_per_red": false,
        "is_pbr_red": false
      },
      {
        "date": "2011/12/30",
        "per": 7.35,
        "pbr": 0.84,
        "is_per_red": false,
        "is_pbr_red": false
      },
      {
        "date": "2012/12/28",
        "per": 10.41,
        "pbr": 0.86,
        "is_per_red": false,
        "is_pbr_red": false
      },
      {
        "date": "2013/12/30",
        "per": 10.03,
        "pbr": 1.13,
        "is_per_red": false,
        "is_pbr_red": false
      },
      {
        "date": "2014/12/30",
        "per": 36.0,
        "pbr": 1.13,
        "is_per_red": false,
        "is_pbr_red": false
      },
      {
        "date": "2015/12/30",
        "per": 12.33,
        "pbr": 1.76,
        "is_per_red": false,
        "is_pbr_red": false
      },
      {
        "date": "2016/12/30",
        "per": 23.77,
        "pbr": 1.62,
        "is_per_red": false,
        "is_pbr_red": false
      },
      {
        "date": "2017/12/29",
        "per": 16.54,
        "pbr": 2.63,
        "is_per_red": false,
        "is_pbr_red": false
      },
      {
        "date": "2018/12/28",
        "per": 11.28,
        "pbr": 1.6,
        "is_per_red": false,
        "is_pbr_red": false
      },
      {
        "date": "2019/12/30",
        "per": 12.83,
        "pbr": 1.6,
        "is_per_red": false,
        "is_pbr_red": false
      },
      {
        "date": "2020/12/30",
        "per": 13.95,
        "pbr": 1.29,
        "is_per_red": false,
        "is_pbr_red": false
      },
      {
        "date": "2021/12/30",
        "per": 7.32,
        "pbr": 1.7,
        "is_per_red": false,
        "is_pbr_red": false
      },
      {
        "date": "2022/12/30",
        "per": 4.42,
        "pbr": 1.24,
        "is_per_red": false,
        "is_pbr_red": false
      },
      {
        "date": "2023/12/29",
        "per": 7.61,
        "pbr": 1.19,
        "is_per_red": false,
        "is_pbr_red": false
      }
    ],
    "daily_data": [],
    "financial_data": [
      {
        "fiscal_year": "2008/12",
        "sales": 11900.0,
        "operating_profit": 1100.0,
        "ordinary_profit": 1100.0,
        "net_profit": 624.0,
        "roa": 16.3,
        "operating_margin": 12.76,
        "cost_ratio": 9.25,
        "sga_ratio": 66.69
      },
      {
        "fiscal_year": "2009/12",
        "sales": 8740.0,
        "operating_profit": 636.0,
        "ordinary_profit": 809.0,
        "net_profit": 396.0,
        "roe": 40.49,
        "roa": 9.48,
        "operating_margin": 7.59,
        "cost_ratio": 7.28,
        "sga_ratio": 63.24
      },
      {
        "fiscal_year": "2010/12",
        "sales": 11400.0,
        "operating_profit": 1030.0,
        "ordinary_profit": 1040.0,
        "net_profit": 652.0,
        "roe": 62.82,
        "roa": 13.88,
        "operating_margin": 10.99,
        "cost_ratio": 9.01,
        "sga_ratio": 67.58
      },
      {
        "fiscal_year": "2011/12",
        "sales": 12500.0,
        "operating_profit": 1080.0,
        "ordinary_profit": 1050.0,
        "net_profit": 568.0,
        "eps": 424.0,
        "roe": 54.32,
        "roa": 11.37,
        "operating_margin": 8.99,
        "cost_ratio": 8.6,
        "sga_ratio": 68.25
      },
      {
        "fiscal_year": "2012/12",
        "sales": 13400.0,
        "operating_profit": 908.0,
        "ordinary_profit": 975.0,
        "net_profit": 459.0,
        "eps": 709.0,
        "roe": 43.63,
        "roa": 8.25,
        "operating_margin": 6.46,
        "cost_ratio": 6.78,
        "sga_ratio": 69.3
      },
      {
        "fiscal_year": "2013/12",
        "sales": 16800.0,
        "operating_profit": 1140.0,
        "ordinary_profit": 1200.0,
        "net_profit": 730.0,
        "eps": 1140.0,
        "roe": 68.91,
        "roa": 11.11,
        "operating_margin": 8.13,
        "cost_ratio": 6.8,
        "sga_ratio": 71.17
      },
      {
        "fiscal_year": "2014/12",
        "sales": 20100.0,
        "operating_profit": 1150.0,
        "ordinary_profit": 1210.0,
        "net_profit": 216.0,
        "eps": 529.0,
        "roe": 20.22,
        "roa": 3.14,
        "operating_margin": 2.36,
        "cost_ratio": 5.7,
        "sga_ratio": 71.82
      },
      {
        "fiscal_year": "2015/12",
        "sales": 22700.0,
        "operating_profit": 1580.0,
        "ordinary_profit": 1570.0,
        "net_profit": 1010.0,
        "eps": 832.0,
        "roe": 94.72,
        "roa": 15.62,
        "operating_margin": 11.35,
        "cost_ratio": 6.97,
        "sga_ratio": 72.7
      },
      {
        "fiscal_year": "2016/12",
        "sales": 20000.0,
        "operating_profit": 1310.0,
        "ordinary_profit": 1330.0,
        "net_profit": 438.99999999999994,
        "eps": 227.99999999999997,
        "roe": 45.23,
        "roa": 6.81,
        "operating_margin": 4.67,
        "cost_ratio": 6.55,
        "sga_ratio": 71.25
      },
      {
        "fiscal_year": "2017/12",
        "sales": 21700.0,
        "operating_profit": 1500.0,
        "ordinary_profit": 1590.0,
        "net_profit": 1190.0,
        "eps": 1410.0,
        "roe": 122.94,
        "roa": 15.9,
        "operating_margin": 11.79,
        "cost_ratio": 6.91,
        "sga_ratio": 72.41
      },
      {
        "fiscal_year": "2018/12",
        "sales": 23300.0,
        "operating_profit": 1620.0,
        "ordinary_profit": 1660.0000000000002,
        "net_profit": 1150.0,
        "eps": 932.0,
        "roe": 118.17,
        "roa": 14.16,
        "operating_margin": 10.45,
        "cost_ratio": 6.95,
        "sga_ratio": 72.93
      },
      {
        "fiscal_year": "2019/12",
        "sales": 22800.0,
        "operating_profit": 1530.0,
        "ordinary_profit": 1590.0,
        "net_profit": 1090.0,
        "eps": 1000.0,
        "roe": 112.38,
        "roa": 12.47,
        "operating_margin": 8.99,
        "cost_ratio": 6.69,
        "sga_ratio": 72.3
      },
      {
        "fiscal_year": "2020/12",
        "sales": 22200.0,
        "operating_profit": 1410.0,
        "ordinary_profit": 1480.0,
        "net_profit": 851.0,
        "eps": 809.0,
        "roe": 87.48,
        "roa": 9.24,
        "operating_margin": 6.65,
        "cost_ratio": 6.35,
        "sga_ratio": 73.0
      },
      {
        "fiscal_year": "2021/12",
        "sales": 35300.0,
        "operating_profit": 3810.0,
        "ordinary_profit": 3920.0000000000005,
        "net_profit": 2780.0,
        "eps": 3250.0,
        "roe": 285.93,
        "roa": 23.19,
        "operating_margin": 16.61,
        "cost_ratio": 10.8,
        "sga_ratio": 74.55
      },
      {
        "fiscal_year": "2022/12",
        "sales": 47300.0,
        "operating_profit": 6680.0,
        "ordinary_profit": 6870.0,
        "net_profit": 4650.0,
        "eps": 5440.0,
        "roe": 477.56,
        "roa": 27.95,
        "operating_margin": 21.02,
        "cost_ratio": 14.12,
        "sga_ratio": 73.55
      },
      {
        "fiscal_year": "2023/12",
        "sales": 32300.0,
        "operating_profit": 4200.0,
        "ordinary_profit": 4450.0,
        "net_profit": 3040.0,
        "eps": 3850.0,
        "roe": 312.01,
        "roa": 15.62,
        "operating_margin": 13.02,
        "cost_ratio": 13.02,
        "sga_ratio": 68.11
      },
      {
        "fiscal_year": "2024/12",
        "sales": 38000.0,
        "operating_profit": 4100.0,
        "ordinary_profit": 4300.0,
        "net_profit": 3000.0,
        "roe": 280.43,
        "roa": 14.4,
        "operating_margin": 11.81,
        "cost_ratio": 10.79
      }
    ],
    "dividend_data": [
      {
        "fiscal_year": "2009/03",
        "total_dividend": 40.0,
        "dividend_yield": 10.0
      },
      {
        "fiscal_year": "2010/03",
        "total_dividend": 50.0,
        "dividend_yield": 12.5
      },
      {
        "fiscal_year": "2011/03",
        "total_dividend": 55.0,
        "dividend_yield": 13.75
      },
      {
        "fiscal_year": "2012/03",
        "total_dividend": 40.0,
        "dividend_yield": 20.0
      }
    ]
  },
  {
    "code": 9386,
    "name": "日本コンセプト",
    "annual_data": [
      {
        "date": "2012/12/28",
        "per": 5.27,
        "pbr": 1.1,
        "is_per_red": false,
        "is_pbr_red": false
      },
      {
        "date": "2013/12/30",
        "per": 7.64,
        "pbr": 2.14,
        "is_per_red": false,
        "is_pbr_red": false
      },
      {
        "date": "2014/12/30",
        "per": 8.99,
        "pbr": 1.91,
        "is_per_red": false,
        "is_pbr_red": false
      },
      {
        "date": "2015/12/30",
        "per": 10.73,
        "pbr": 2.2,
        "is_per_red": false,
        "is_pbr_red": false
      },
      {
        "date": "2016/12/30",
        "per": 13.0,
        "pbr": 1.99,
        "is_per_red": false,
        "is_pbr_red": false
      },
      {
        "date": "2017/12/29",
        "per": 14.57,
        "pbr": 2.29,
        "is_per_red": false,
        "is_pbr_red": false
      },
      {
        "date": "2018/12/28",
        "per": 9.95,
        "pbr": 1.37,
        "is_per_red": false,
        "is_pbr_red": false
      },
      {
        "date": "2019/12/30",
        "per": 14.39,
        "pbr": 1.86,
        "is_per_red": false,
        "is_pbr_red": false
      },
      {
        "date": "2020/12/30",
        "per": 22.99,
        "pbr": 2.08,
        "is_per_red": false,
        "is_pbr_red": false
      },
      {
        "date": "2021/12/30",
        "per": 12.14,
        "pbr": 1.78,
        "is_per_red": false,
        "is_pbr_red": false
      },
      {
        "date": "2022/12/30",
        "per": 6.21,
        "pbr": 1.25,
        "is_per_red": false,
        "is_pbr_red": false
      },
      {
        "date": "2023/12/29",
        "per": 9.31,
        "pbr": 1.24,
        "is_per_red": false,
        "is_pbr_red": false
      }
    ],
    "daily_data": [],
    "financial_data": [
      {
        "fiscal_year": "2009/12",
        "sales": 5720.0,
        "ordinary_profit": 420.0,
        "net_profit": 438.99999999999994,
        "roe": 37.37
      },
      {
        "fiscal_year": "2010/12",
        "sales": 7159.999999999999,
        "operating_profit": 1140.0,
        "ordinary_profit": 505.0,
        "net_profit": 300.0,
        "roe": 25.54,
        "roa": 18.87,
        "operating_margin": 2.55,
        "cost_ratio": 15.87,
        "sga_ratio": 73.51
      },
      {
        "fiscal_year": "2011/12",
        "sales": 7470.0,
        "operating_profit": 1260.0,
        "ordinary_profit": 908.0,
        "net_profit": 534.0,
        "eps": 514.0,
        "roe": 0.05,
        "roa": 25.86,
        "operating_margin": 4.57,
        "cost_ratio": 16.85,
        "sga_ratio": 71.56
      },
      {
        "fiscal_year": "2012/12",
        "sales": 7330.0,
        "operating_profit": 1010.0,
        "ordinary_profit": 1120.0,
        "net_profit": 662.0,
        "eps": 714.0,
        "roe": 50.51,
        "roa": 20.93,
        "operating_margin": 5.21,
        "cost_ratio": 13.81,
        "sga_ratio": 72.24
      },
      {
        "fiscal_year": "2013/12",
        "sales": 9110.0,
        "operating_profit": 1689.9999999999998,
        "ordinary_profit": 2050.0,
        "net_profit": 1220.0,
        "eps": 1340.0,
        "roe": 93.35,
        "roa": 27.97,
        "operating_margin": 8.96,
        "cost_ratio": 18.49,
        "sga_ratio": 69.07
      },
      {
        "fiscal_year": "2014/12",
        "sales": 10300.0,
        "operating_profit": 1880.0,
        "ordinary_profit": 1820.0,
        "net_profit": 1160.0,
        "eps": 1240.0,
        "roe": 88.63,
        "roa": 21.2,
        "operating_margin": 8.24,
        "cost_ratio": 18.21,
        "sga_ratio": 69.95
      },
      {
        "fiscal_year": "2015/12",
        "sales": 11000.0,
        "operating_profit": 2110.0,
        "ordinary_profit": 1980.0,
        "net_profit": 1300.0,
        "eps": 1230.0,
        "roe": 99.32,
        "roa": 20.47,
        "operating_margin": 8.69,
        "cost_ratio": 19.2,
        "sga_ratio": 69.12
      },
      {
        "fiscal_year": "2016/12",
        "sales": 10500.0,
        "operating_profit": 1720.0,
        "ordinary_profit": 1580.0,
        "net_profit": 1080.0,
        "eps": 1030.0,
        "roe": 82.43,
        "roa": 15.33,
        "operating_margin": 7.28,
        "cost_ratio": 16.36,
        "sga_ratio": 71.23
      },
      {
        "fiscal_year": "2017/12",
        "sales": 11700.0,
        "operating_profit": 1870.0,
        "ordinary_profit": 1770.0,
        "net_profit": 1250.0,
        "eps": 1280.0,
        "roe": 95.08,
        "roa": 15.69,
        "operating_margin": 7.95,
        "cost_ratio": 15.94,
        "sga_ratio": 72.25
      },
      {
        "fiscal_year": "2018/12",
        "sales": 12200.0,
        "operating_profit": 1939.9999999999998,
        "ordinary_profit": 1910.0000000000002,
        "net_profit": 1350.0,
        "eps": 1290.0,
        "roe": 98.0,
        "roa": 13.62,
        "operating_margin": 7.59,
        "cost_ratio": 15.94,
        "sga_ratio": 72.07
      },
      {
        "fiscal_year": "2019/12",
        "sales": 12700.0,
        "operating_profit": 2000.0,
        "ordinary_profit": 2000.0,
        "net_profit": 1410.0,
        "eps": 1380.0,
        "roe": 101.38,
        "roa": 12.95,
        "operating_margin": 7.41,
        "cost_ratio": 15.72,
        "sga_ratio": 72.35
      },
      {
        "fiscal_year": "2020/12",
        "sales": 12300.0,
        "operating_profit": 1500.0,
        "ordinary_profit": 1450.0,
        "net_profit": 1030.0,
        "eps": 964.0,
        "roe": 74.25,
        "roa": 9.03,
        "operating_margin": 5.42,
        "cost_ratio": 12.19,
        "sga_ratio": 76.32
      },
      {
        "fiscal_year": "2021/12",
        "sales": 17000.0,
        "operating_profit": 2800.0,
        "ordinary_profit": 2720.0,
        "net_profit": 1920.0,
        "eps": 2110.0,
        "roe": 138.45,
        "roa": 14.66,
        "operating_margin": 8.58,
        "cost_ratio": 16.49,
        "sga_ratio": 74.42
      },
      {
        "fiscal_year": "2022/12",
        "sales": 23100.0,
        "operating_profit": 4890.0,
        "ordinary_profit": 4710.0,
        "net_profit": 3260.0,
        "eps": 3590.0,
        "roe": 235.2,
        "roa": 20.09,
        "operating_margin": 12.46,
        "cost_ratio": 21.16,
        "sga_ratio": 70.38
      },
      {
        "fiscal_year": "2023/12",
        "sales": 17300.0,
        "operating_profit": 3300.0,
        "ordinary_profit": 3500.0,
        "net_profit": 2430.0,
        "eps": 2630.0,
        "roe": 175.35,
        "roa": 13.3,
        "operating_margin": 9.03,
        "cost_ratio": 19.11,
        "sga_ratio": 69.8
      },
      {
        "fiscal_year": "2024/12",
        "sales": 19100.0,
        "operating_profit": 3070.0,
        "ordinary_profit": 3030.0,
        "net_profit": 2070.0,
        "roe": 148.97,
        "roa": 11.02,
        "operating_margin": 7.78,
        "cost_ratio": 16.09
      }
    ],
    "dividend_data": [
      {
        "fiscal_year": "2009/03",
        "total_dividend": 10000.0,
        "dividend_yield": 3.33
      },
      {
        "fiscal_year": "2010/03",
        "total_dividend": 10000.0,
        "dividend_yield": 3.33
      },
      {
        "fiscal_year": "2011/03",
        "total_dividend": 10.0,
        "dividend_yield": 0.0
      },
      {
        "fiscal_year": "2012/03",
        "total_dividend": 30.0
      }
    ]
  }
]