[
  {
    "code": 1301,
    "name": "極洋",
    "annual_data": [
      {
        "date": "2010/03/31",
        "per": 20.02,
        "pbr": 1.2,
        "is_per_red": false,
        "is_pbr_red": false
      },
      {
        "date": "2011/03/31",
        "per": 331.45,
        "pbr": 1.13,
        "is_per_red": false,
        "is_pbr_red": false
      },
      {
        "date": "2012/03/30",
        "per": 51.15,
        "pbr": 1.28,
        "is_per_red": false,
        "is_pbr_red": false
      },
      {
        "date": "2013/03/29",
        "per": 18.17,
        "pbr": 1.25,
        "is_per_red": false,
        "is_pbr_red": false
      },
      {
        "date": "2014/03/31",
        "per": 9.27,
        "pbr": 1.4,
        "is_per_red": false,
        "is_pbr_red": false
      },
      {
        "date": "2015/03/31",
        "per": 12.26,
        "pbr": 1.32,
        "is_per_red": false,
        "is_pbr_red": false
      },
      {
        "date": "2016/03/31",
        "per": 15.06,
        "pbr": 1.2,
        "is_per_red": false,
        "is_pbr_red": false
      },
      {
        "date": "2017/03/31",
        "per": 12.73,
        "pbr": 1.23,
        "is_per_red": false,
        "is_pbr_red": false
      },
      {
        "date": "2018/03/30",
        "per": 12.49,
        "pbr": 1.42,
        "is_per_red": false,
        "is_pbr_red": false
      },
      {
        "date": "2019/03/29",
        "per": 10.52,
        "pbr": 0.96,
        "is_per_red": false,
        "is_pbr_red": false
      },
      {
        "date": "2020/03/31",
        "per": 13.5,
        "pbr": 0.84,
        "is_per_red": false,
        "is_pbr_red": false
      },
      {
        "date": "2021/03/31",
        "per": 8.56,
        "pbr": 0.81,
        "is_per_red": false,
        "is_pbr_red": false
      },
      {
        "date": "2022/03/31",
        "per": 7.73,
        "pbr": 0.84,
        "is_per_red": false,
        "is_pbr_red": false
      },
      {
        "date": "2023/03/31",
        "per": 6.35,
        "pbr": 0.77,
        "is_per_red": false,
        "is_pbr_red": false
      },
      {
        "date": "2024/03/29",
        "per": 6.82,
        "pbr": 0.75,
        "is_per_red": false,
        "is_pbr_red": false
      }
    ],
    "daily_data": [],
    "financial_data": [
      {
        "fiscal_year": "2008/03",
        "sales": 147800.0,
        "operating_profit": 2930.0,
        "ordinary_profit": 2840.0,
        "net_profit": 1500.0,
        "roa": 8.55,
        "operating_margin": 2.61,
        "cost_ratio": 1.98,
        "sga_ratio": 88.31
      },
      {
        "fiscal_year": "2009/03",
        "sales": 147600.0,
        "operating_profit": 2980.0,
        "ordinary_profit": 2870.0,
        "net_profit": 1590.0,
        "roa": 9.05,
        "operating_margin": 2.59,
        "cost_ratio": 2.02,
        "sga_ratio": 88.0
      },
      {
        "fiscal_year": "2010/03",
        "sales": 145800.0,
        "operating_profit": 2180.0,
        "ordinary_profit": 2550.0,
        "net_profit": 1090.0,
        "roe": 9.94,
        "roa": 6.02,
        "operating_margin": 1.69,
        "cost_ratio": 1.5,
        "sga_ratio": 87.75
      },
      {
        "fiscal_year": "2011/03",
        "sales": 162700.0,
        "operating_profit": 1590.0,
        "ordinary_profit": 1780.0,
        "net_profit": 57.99999999999999,
        "eps": -312.0,
        "roe": 0.53,
        "roa": 0.34,
        "operating_margin": 0.08,
        "cost_ratio": 0.98,
        "sga_ratio": 88.54
      },
      {
        "fiscal_year": "2012/03",
        "sales": 181900.0,
        "operating_profit": 1639.9999999999998,
        "ordinary_profit": 1710.0000000000002,
        "net_profit": 423.00000000000006,
        "eps": 395.0,
        "roe": 3.87,
        "roa": 2.49,
        "operating_margin": 0.5,
        "cost_ratio": 0.9,
        "sga_ratio": 89.29
      },
      {
        "fiscal_year": "2013/03",
        "sales": 178000.0,
        "operating_profit": 2320.0,
        "ordinary_profit": 2260.0,
        "net_profit": 1270.0,
        "eps": 1889.9999999999998,
        "roe": 11.61,
        "roa": 6.88,
        "operating_margin": 1.52,
        "cost_ratio": 1.31,
        "sga_ratio": 88.28
      },
      {
        "fiscal_year": "2014/03",
        "sales": 202400.0,
        "operating_profit": 2920.0,
        "ordinary_profit": 2990.0,
        "net_profit": 2970.0,
        "eps": 3229.9999999999995,
        "roe": 28.26,
        "roa": 15.07,
        "operating_margin": 3.52,
        "cost_ratio": 1.44,
        "sga_ratio": 89.47
      },
      {
        "fiscal_year": "2015/03",
        "sales": 218400.0,
        "operating_profit": 2460.0,
        "ordinary_profit": 2110.0,
        "net_profit": 2430.0,
        "eps": 4100.0,
        "roe": 23.16,
        "roa": 10.74,
        "operating_margin": 2.74,
        "cost_ratio": 1.13,
        "sga_ratio": 90.68
      },
      {
        "fiscal_year": "2016/03",
        "sales": 226600.0,
        "operating_profit": 2430.0,
        "ordinary_profit": 2810.0,
        "net_profit": 1800.0,
        "eps": 488.99999999999994,
        "roe": 17.13,
        "roa": 7.97,
        "operating_margin": 1.9,
        "cost_ratio": 1.07,
        "sga_ratio": 90.83
      },
      {
        "fiscal_year": "2017/03",
        "sales": 236600.0,
        "operating_profit": 3720.0000000000005,
        "ordinary_profit": 3710.0,
        "net_profit": 2420.0,
        "eps": 2860.0,
        "roe": 230.6,
        "roa": 9.7,
        "operating_margin": 2.49,
        "cost_ratio": 1.57,
        "sga_ratio": 90.16
      },
      {
        "fiscal_year": "2018/03",
        "sales": 254800.0,
        "operating_profit": 4070.0000000000005,
        "ordinary_profit": 4440.0,
        "net_profit": 3210.0,
        "eps": 3540.0,
        "roe": 304.28,
        "roa": 11.12,
        "operating_margin": 3.02,
        "cost_ratio": 1.6,
        "sga_ratio": 90.74
      },
      {
        "fiscal_year": "2019/03",
        "sales": 256200.0,
        "operating_profit": 3829.9999999999995,
        "ordinary_profit": 4430.0,
        "net_profit": 2910.0,
        "eps": 3160.0,
        "roe": 269.56,
        "roa": 9.16,
        "operating_margin": 2.54,
        "cost_ratio": 1.5,
        "sga_ratio": 90.75
      },
      {
        "fiscal_year": "2020/03",
        "sales": 262500.0,
        "operating_profit": 2920.0,
        "ordinary_profit": 3610.0,
        "net_profit": 2039.9999999999998,
        "eps": 1540.0,
        "roe": 188.51,
        "roa": 6.23,
        "operating_margin": 1.83,
        "cost_ratio": 1.11,
        "sga_ratio": 90.76
      },
      {
        "fiscal_year": "2021/03",
        "sales": 249200.0,
        "operating_profit": 4660.0,
        "ordinary_profit": 4880.0,
        "net_profit": 3840.0,
        "eps": 8410.0,
        "roe": 356.9,
        "roa": 9.5,
        "operating_margin": 3.3,
        "cost_ratio": 1.87,
        "sga_ratio": 89.74
      },
      {
        "fiscal_year": "2022/03",
        "sales": 253600.0,
        "operating_profit": 6390.0,
        "ordinary_profit": 6900.0,
        "net_profit": 4630.0,
        "eps": 3080.0,
        "roe": 430.76,
        "roa": 10.85,
        "operating_margin": 3.55,
        "cost_ratio": 2.52,
        "sga_ratio": 88.95
      },
      {
        "fiscal_year": "2023/03",
        "sales": 272200.0,
        "operating_profit": 8109.999999999999,
        "ordinary_profit": 8180.0,
        "net_profit": 5780.0,
        "eps": 5920.0,
        "roe": 539.05,
        "roa": 12.16,
        "operating_margin": 3.95,
        "cost_ratio": 2.98,
        "sga_ratio": 88.6
      },
      {
        "fiscal_year": "2024/03",
        "sales": 261600.0,
        "operating_profit": 8810.0,
        "ordinary_profit": 8860.0,
        "net_profit": 5940.0,
        "eps": 8500.0,
        "roe": 548.58,
        "roa": 10.07,
        "operating_margin": 3.69,
        "cost_ratio": 3.37,
        "sga_ratio": 87.24
      },
      {
        "fiscal_year": "2025/03",
        "sales": 300000.0,
        "operating_profit": 10000.0,
        "ordinary_profit": 10000.0,
        "net_profit": 7000.0,
        "roe": 589.35,
        "roa": 11.41,
        "operating_margin": 4.03,
        "cost_ratio": 3.33
      }
    ],
    "dividend_data": [
      {
        "fiscal_year": "2010/03",
        "total_dividend": 2.51
      },
      {
        "fiscal_year": "2011/03",
        "total_dividend": 2.84
      },
      {
        "fiscal_year": "2012/03",
        "total_dividend": 2.53
      },
      {
        "fiscal_year": "2013/03",
        "total_dividend": 2.37
      }
    ]
  },
  {
    "code": 1332,
    "name": "ニッスイ",
    "annual_data": [
      {
        "date": "2010/03/31",
        "per": 1693.75,
        "pbr": 1.17,
        "is_per_red": false,
        "is_pbr_red": false
      },
      {
        "date": "2011/03/31",
        "per": -1,
        "pbr": 1.21,
        "is_per_red": true,
        "is_pbr_red": false
      },
      {
        "date": "2012/03/30",
        "per": 33.89,
        "pbr": 1.61,
        "is_per_red": false,
        "is_pbr_red": false
      },
      {
        "date": "2013/03/29",
        "per": -1,
        "pbr": 0.94,
        "is_per_red": true,
        "is_pbr_red": false
      },
      {
        "date": "2014/03/31",
        "per": 15.0,
        "pbr": 0.85,
        "is_per_red": false,
        "is_pbr_red": false
      },
      {
        "date": "2015/03/31",
        "per": 9.55,
        "pbr": 1.12,
        "is_per_red": false,
        "is_pbr_red": false
      },
      {
        "date": "2016/03/31",
        "per": 12.28,
        "pbr": 1.59,
        "is_per_red": false,
        "is_pbr_red": false
      },
      {
        "date": "2017/03/31",
        "per": 11.56,
        "pbr": 1.43,
        "is_per_red": false,
        "is_pbr_red": false
      },
      {
        "date": "2018/03/30",
        "per": 9.98,
        "pbr": 1.25,
        "is_per_red": false,
        "is_pbr_red": false
      },
      {
        "date": "2019/03/29",
        "per": 17.1,
        "pbr": 1.8,
        "is_per_red": false,
        "is_pbr_red": false
      },
      {
        "date": "2020/03/31",
        "per": 10.07,
        "pbr": 0.97,
        "is_per_red": false,
        "is_pbr_red": false
      },
      {
        "date": "2021/03/31",
        "per": 11.5,
        "pbr": 0.98,
        "is_per_red": false,
        "is_pbr_red": false
      },
      {
        "date": "2022/03/31",
        "per": 9.87,
        "pbr": 0.9,
        "is_per_red": false,
        "is_pbr_red": false
      },
      {
        "date": "2023/03/31",
        "per": 7.96,
        "pbr": 0.78,
        "is_per_red": false,
        "is_pbr_red": false
      },
      {
        "date": "2024/03/29",
        "per": 12.52,
        "pbr": 1.2,
        "is_per_red": false,
        "is_pbr_red": false
      }
    ],
    "daily_data": [],
    "financial_data": [
      {
        "fiscal_year": "2008/03",
        "sales": 534000.0,
        "operating_profit": 7230.0,
        "ordinary_profit": 6759.999999999999,
        "net_profit": 9390.0,
        "roa": 8.65,
        "operating_margin": 2.37,
        "cost_ratio": 1.35,
        "sga_ratio": 79.84
      },
      {
        "fiscal_year": "2009/03",
        "sales": 505300.0,
        "operating_profit": 3160.0,
        "ordinary_profit": -1220.0,
        "net_profit": -16200.0,
        "roa": -1,
        "operating_margin": -1,
        "cost_ratio": 0.62,
        "sga_ratio": 79.9
      },
      {
        "fiscal_year": "2010/03",
        "sales": 481600.0,
        "operating_profit": 6230.0,
        "ordinary_profit": 6170.0,
        "net_profit": 44.0,
        "roe": 0.16,
        "roa": 0.07,
        "operating_margin": 0.01,
        "cost_ratio": 1.29,
        "sga_ratio": 77.95
      },
      {
        "fiscal_year": "2011/03",
        "sales": 494300.0,
        "operating_profit": 8090.000000000001,
        "ordinary_profit": 6280.0,
        "net_profit": -701.0,
        "eps": -6559.999999999999,
        "roe": -2.53,
        "roa": -1,
        "operating_margin": -1,
        "cost_ratio": 1.64,
        "sga_ratio": 77.14
      },
      {
        "fiscal_year": "2012/03",
        "sales": 538000.0,
        "operating_profit": 9550.0,
        "ordinary_profit": 8400.0,
        "net_profit": 2310.0,
        "eps": -1090.0,
        "roe": 8.32,
        "roa": 4.76,
        "operating_margin": 0.57,
        "cost_ratio": 1.78,
        "sga_ratio": 77.75
      },
      {
        "fiscal_year": "2013/03",
        "sales": 566900.0,
        "operating_profit": 5810.0,
        "ordinary_profit": 5440.0,
        "net_profit": -4580.0,
        "eps": 6559.999999999999,
        "roe": -16.5,
        "roa": -1,
        "operating_margin": -1,
        "cost_ratio": 1.02,
        "sga_ratio": 78.79
      },
      {
        "fiscal_year": "2014/03",
        "sales": 604200.0,
        "operating_profit": 13900.0,
        "ordinary_profit": 12400.0,
        "net_profit": 4000.0,
        "eps": 16000.0,
        "roe": 14.47,
        "roa": 5.68,
        "operating_margin": 0.92,
        "cost_ratio": 2.31,
        "sga_ratio": 79.48
      },
      {
        "fiscal_year": "2015/03",
        "sales": 638400.0,
        "operating_profit": 18100.0,
        "ordinary_profit": 21400.0,
        "net_profit": 10600.0,
        "eps": 23100.0,
        "roe": 38.22,
        "roa": 11.71,
        "operating_margin": 2.29,
        "cost_ratio": 2.84,
        "sga_ratio": 79.21
      },
      {
        "fiscal_year": "2016/03",
        "sales": 637200.0,
        "operating_profit": 19400.0,
        "ordinary_profit": 20700.0,
        "net_profit": 12300.0,
        "eps": 6030.0,
        "roe": 44.55,
        "roa": 12.96,
        "operating_margin": 2.76,
        "cost_ratio": 3.05,
        "sga_ratio": 79.16
      },
      {
        "fiscal_year": "2017/03",
        "sales": 636000.0,
        "operating_profit": 22600.0,
        "ordinary_profit": 24900.0,
        "net_profit": 14200.0,
        "eps": 15100.0,
        "roe": 48.02,
        "roa": 11.75,
        "operating_margin": 3.15,
        "cost_ratio": 3.56,
        "sga_ratio": 78.84
      },
      {
        "fiscal_year": "2018/03",
        "sales": 677300.0,
        "operating_profit": 23200.0,
        "ordinary_profit": 24600.0,
        "net_profit": 17200.0,
        "eps": 19500.0,
        "roe": 55.33,
        "roa": 12.51,
        "operating_margin": 3.57,
        "cost_ratio": 3.43,
        "sga_ratio": 79.33
      },
      {
        "fiscal_year": "2019/03",
        "sales": 712100.0,
        "operating_profit": 21700.0,
        "ordinary_profit": 25400.0,
        "net_profit": 15400.0,
        "eps": 12300.0,
        "roe": 49.41,
        "roa": 10.51,
        "operating_margin": 3.22,
        "cost_ratio": 3.05,
        "sga_ratio": 80.52
      },
      {
        "fiscal_year": "2020/03",
        "sales": 690000.0,
        "operating_profit": 22800.0,
        "ordinary_profit": 25800.0,
        "net_profit": 14800.0,
        "eps": 9960.0,
        "roe": 47.46,
        "roa": 9.64,
        "operating_margin": 3.0,
        "cost_ratio": 3.31,
        "sga_ratio": 80.61
      },
      {
        "fiscal_year": "2021/03",
        "sales": 615000.0,
        "operating_profit": 18000.0,
        "ordinary_profit": 22700.0,
        "net_profit": 14400.0,
        "eps": 19900.0,
        "roe": 46.25,
        "roa": 8.49,
        "operating_margin": 3.03,
        "cost_ratio": 2.93,
        "sga_ratio": 84.32
      },
      {
        "fiscal_year": "2022/03",
        "sales": 693700.0,
        "operating_profit": 27100.0,
        "ordinary_profit": 32400.0,
        "net_profit": 17300.0,
        "eps": 25500.0,
        "roe": 55.51,
        "roa": 9.1,
        "operating_margin": 3.42,
        "cost_ratio": 3.9,
        "sga_ratio": 83.99
      },
      {
        "fiscal_year": "2023/03",
        "sales": 768200.0,
        "operating_profit": 24500.0,
        "ordinary_profit": 27800.0,
        "net_profit": 21200.0,
        "eps": 32600.0,
        "roe": 68.22,
        "roa": 9.79,
        "operating_margin": 3.87,
        "cost_ratio": 3.19,
        "sga_ratio": 84.89
      },
      {
        "fiscal_year": "2024/03",
        "sales": 831400.0,
        "operating_profit": 29700.0,
        "ordinary_profit": 32000.0,
        "net_profit": 23900.0,
        "eps": 39800.0,
        "roe": 76.67,
        "roa": 9.57,
        "operating_margin": 3.93,
        "cost_ratio": 3.57,
        "sga_ratio": 84.89
      },
      {
        "fiscal_year": "2025/03",
        "sales": 875000.0,
        "operating_profit": 32500.0,
        "ordinary_profit": 35000.0,
        "net_profit": 24000.0,
        "roe": 77.21,
        "roa": 8.87,
        "operating_margin": 3.77,
        "cost_ratio": 3.71
      }
    ],
    "dividend_data": [
      {
        "fiscal_year": "2010/03",
        "total_dividend": 10.0,
        "dividend_yield": 3.69
      },
      {
        "fiscal_year": "2011/03",
        "total_dividend": 10.0,
        "dividend_yield": 4.33
      },
      {
        "fiscal_year": "2012/03",
        "total_dividend": 10.0,
        "dividend_yield": 3.55
      },
      {
        "fiscal_year": "2013/03",
        "total_dividend": 0.0,
        "dividend_yield": 0.0
      },
      {
        "fiscal_year": "2015/03",
        "total_dividend": 3.0,
        "dividend_yield": 0.82
      }
    ]
  },
  {
    "code": 1333,
    "name": "マルハニチロ",
    "annual_data": [
      {
        "date": "2015/03/31",
        "per": 11.64,
        "pbr": 1.0,
        "is_per_red": false,
        "is_pbr_red": false
      },
      {
        "date": "2016/03/31",
        "per": 26.97,
        "pbr": 1.3,
        "is_per_red": false,
        "is_pbr_red": false
      },
      {
        "date": "2017/03/31",
        "per": 11.48,
        "pbr": 1.76,
        "is_per_red": false,
        "is_pbr_red": false
      },
      {
        "date": "2018/03/30",
        "per": 11.11,
        "pbr": 1.55,
        "is_per_red": false,
        "is_pbr_red": false
      },
      {
        "date": "2019/03/29",
        "per": 12.48,
        "pbr": 1.66,
        "is_per_red": false,
        "is_pbr_red": false
      },
      {
        "date": "2020/03/31",
        "per": 9.48,
        "pbr": 0.9,
        "is_per_red": false,
        "is_pbr_red": false
      },
      {
        "date": "2021/03/31",
        "per": 24.01,
        "pbr": 0.97,
        "is_per_red": false,
        "is_pbr_red": false
      },
      {
        "date": "2022/03/31",
        "per": 7.46,
        "pbr": 0.79,
        "is_per_red": false,
        "is_pbr_red": false
      },
      {
        "date": "2023/03/31",
        "per": 6.53,
        "pbr": 0.67,
        "is_per_red": false,
        "is_pbr_red": false
      },
      {
        "date": "2024/03/29",
        "per": 7.19,
        "pbr": 0.72,
        "is_per_red": false,
        "is_pbr_red": false
      }
    ],
    "daily_data": [],
    "financial_data": [
      {
        "fiscal_year": "2010/03",
        "sales": 170000.0,
        "ordinary_profit": -504.0,
        "net_profit": 742.0,
        "roe": 2.47,
        "operating_margin": 0.65
      },
      {
        "fiscal_year": "2011/03",
        "sales": 180000.0,
        "ordinary_profit": 5080.0,
        "net_profit": 1860.0000000000002,
        "roe": 6.2,
        "operating_margin": 1.65
      },
      {
        "fiscal_year": "2012/03",
        "sales": 230000.0,
        "ordinary_profit": 5470.0,
        "net_profit": 762.0,
        "eps": 237.0,
        "roe": 2.54,
        "operating_margin": 0.57
      },
      {
        "fiscal_year": "2013/03",
        "sales": 230000.0,
        "operating_profit": 4920.0,
        "ordinary_profit": 5130.0,
        "net_profit": 2920.0,
        "eps": 5070.0,
        "roe": 9.73,
        "roa": 12.72,
        "operating_margin": 2.35,
        "cost_ratio": 2.14,
        "sga_ratio": 87.92
      },
      {
        "fiscal_year": "2014/03",
        "sales": 260000.0,
        "operating_profit": 5460.0,
        "ordinary_profit": 6630.0,
        "net_profit": 3729.9999999999995,
        "eps": 8150.0,
        "roe": 12.43,
        "roa": 12.25,
        "operating_margin": 2.46,
        "cost_ratio": 2.06,
        "sga_ratio": 88.51
      },
      {
        "fiscal_year": "2015/03",
        "sales": 860000.0,
        "operating_profit": 8690.0,
        "ordinary_profit": 11800.0,
        "net_profit": 7220.0,
        "eps": 20100.0,
        "roe": 145.5,
        "roa": 8.12,
        "operating_margin": 1.44,
        "cost_ratio": 1.01,
        "sga_ratio": 87.57
      },
      {
        "fiscal_year": "2016/03",
        "sales": 880000.0,
        "operating_profit": 17000.0,
        "ordinary_profit": 17100.0,
        "net_profit": 4100.0,
        "eps": 444.00000000000006,
        "roe": 77.83,
        "roa": 4.81,
        "operating_margin": 0.84,
        "cost_ratio": 1.92,
        "sga_ratio": 86.83
      },
      {
        "fiscal_year": "2017/03",
        "sales": 870000.0,
        "operating_profit": 26300.0,
        "ordinary_profit": 27900.0,
        "net_profit": 15400.0,
        "eps": 19900.0,
        "roe": 293.44,
        "roa": 15.34,
        "operating_margin": 3.08,
        "cost_ratio": 3.01,
        "sga_ratio": 85.53
      },
      {
        "fiscal_year": "2018/03",
        "sales": 920000.0,
        "operating_profit": 24500.0,
        "ordinary_profit": 27900.0,
        "net_profit": 16100.0,
        "eps": 21600.0,
        "roe": 305.94,
        "roa": 13.95,
        "operating_margin": 3.12,
        "cost_ratio": 2.67,
        "sga_ratio": 86.38
      },
      {
        "fiscal_year": "2019/03",
        "sales": 920000.0,
        "operating_profit": 21800.0,
        "ordinary_profit": 25200.0,
        "net_profit": 16700.0,
        "eps": 13300.0,
        "roe": 317.23,
        "roa": 13.32,
        "operating_margin": 3.21,
        "cost_ratio": 2.36,
        "sga_ratio": 86.57
      },
      {
        "fiscal_year": "2020/03",
        "sales": 910000.0,
        "operating_profit": 17100.0,
        "ordinary_profit": 19900.0,
        "net_profit": 12500.0,
        "eps": 11700.0,
        "roe": 238.23,
        "roa": 9.45,
        "operating_margin": 2.37,
        "cost_ratio": 1.89,
        "sga_ratio": 86.96
      },
      {
        "fiscal_year": "2021/03",
        "sales": 810000.0,
        "operating_profit": 16200.0,
        "ordinary_profit": 18100.0,
        "net_profit": 5750.0,
        "eps": 12900.0,
        "roe": 109.32,
        "roa": 4.04,
        "operating_margin": 1.08,
        "cost_ratio": 2.0,
        "sga_ratio": 86.58
      },
      {
        "fiscal_year": "2022/03",
        "sales": 870000.0,
        "operating_profit": 23800.0,
        "ordinary_profit": 27600.0,
        "net_profit": 16900.0,
        "eps": 23200.0,
        "roe": 321.12,
        "roa": 10.55,
        "operating_margin": 3.08,
        "cost_ratio": 2.75,
        "sga_ratio": 86.1
      },
      {
        "fiscal_year": "2023/03",
        "sales": 1020000.0,
        "operating_profit": 29600.0,
        "ordinary_profit": 33500.0,
        "net_profit": 18600.0,
        "eps": 34800.0,
        "roe": 363.67,
        "roa": 10.43,
        "operating_margin": 2.92,
        "cost_ratio": 2.9,
        "sga_ratio": 86.75
      },
      {
        "fiscal_year": "2024/03",
        "sales": 1030000.0,
        "operating_profit": 26500.0,
        "ordinary_profit": 31100.0,
        "net_profit": 20900.0,
        "eps": 41000.0,
        "roe": 413.6,
        "roa": 10.07,
        "operating_margin": 3.1,
        "cost_ratio": 2.57,
        "sga_ratio": 87.02
      },
      {
        "fiscal_year": "2025/03",
        "sales": 1050000.0,
        "operating_profit": 30000.0,
        "ordinary_profit": 32000.0,
        "net_profit": 22000.0,
        "roe": 436.78,
        "roa": 9.86,
        "operating_margin": 3.18,
        "cost_ratio": 2.86
      }
    ],
    "dividend_data": [
      {
        "fiscal_year": "2011/03",
        "total_dividend": 4.66
      },
      {
        "fiscal_year": "2012/03",
        "total_dividend": 4.0
      },
      {
        "fiscal_year": "2013/03",
        "total_dividend": 6.0
      }
    ]
  },
  {
    "code": 1375,
    "name": "雪国まいたけ",
    "annual_data": [
      {
        "date": "2021/03/31",
        "per": 16.58,
        "pbr": 8.53,
        "is_per_red": false,
        "is_pbr_red": false
      },
      {
        "date": "2022/03/31",
        "per": 15.23,
        "pbr": 4.34,
        "is_per_red": false,
        "is_pbr_red": false
      },
      {
        "date": "2023/03/31",
        "per": 33.83,
        "pbr": 3.84,
        "is_per_red": false,
        "is_pbr_red": false
      },
      {
        "date": "2024/03/29",
        "per": 30.75,
        "pbr": 3.65,
        "is_per_red": false,
        "is_pbr_red": false
      }
    ],
    "daily_data": [],
    "financial_data": [
      {
        "fiscal_year": "2008/03",
        "sales": 27300.0,
        "operating_profit": 1130.0,
        "ordinary_profit": 128.0,
        "roe": 2.5,
        "roa": 0.41,
        "operating_margin": 4.14,
        "cost_ratio": 70.47,
        "sga_ratio": 25.38
      },
      {
        "fiscal_year": "2009/03",
        "sales": 25600.0,
        "operating_profit": 1300.0,
        "ordinary_profit": 141.0,
        "roe": 2.98,
        "roa": 0.46,
        "operating_margin": 5.08,
        "cost_ratio": 66.78,
        "sga_ratio": 28.14
      },
      {
        "fiscal_year": "2010/03",
        "sales": 26100.0,
        "operating_profit": 2700.0,
        "ordinary_profit": 1140.0,
        "eps": 0.29,
        "roe": 18.12,
        "roa": 3.56,
        "operating_margin": 10.33,
        "cost_ratio": 62.77,
        "sga_ratio": 26.89
      },
      {
        "fiscal_year": "2011/03",
        "sales": 26500.0,
        "operating_profit": 1490.0,
        "ordinary_profit": 692.0,
        "net_profit": 863.0000000000001,
        "eps": 0.18,
        "roe": 11.78,
        "roa": 1.82,
        "operating_margin": 5.62,
        "cost_ratio": 65.79,
        "sga_ratio": 28.59
      },
      {
        "fiscal_year": "2012/03",
        "sales": 26000.0,
        "operating_profit": -2920.0,
        "ordinary_profit": -2500.0,
        "net_profit": -2490.0,
        "eps": -0.64,
        "roe": -1,
        "roa": -1,
        "operating_margin": -11.2,
        "cost_ratio": 79.68,
        "sga_ratio": 31.53
      },
      {
        "fiscal_year": "2013/03",
        "sales": 26500.0,
        "operating_profit": -211.0,
        "ordinary_profit": -1800.0,
        "net_profit": -1620.0,
        "eps": -0.46,
        "roe": -1,
        "roa": -1,
        "operating_margin": -0.8,
        "cost_ratio": 74.57,
        "sga_ratio": 26.22
      },
      {
        "fiscal_year": "2014/03",
        "sales": 28800.0,
        "operating_profit": 1980.0,
        "ordinary_profit": 1360.0,
        "net_profit": 1689.9999999999998,
        "eps": 0.35,
        "roe": 60.59,
        "roa": 3.71,
        "operating_margin": 6.85,
        "cost_ratio": 69.43,
        "sga_ratio": 23.71
      },
      {
        "fiscal_year": "2015/09",
        "sales": 11200.0,
        "ordinary_profit": -71.0,
        "roa": -1
      },
      {
        "fiscal_year": "2016/03",
        "sales": 15300.0,
        "ordinary_profit": -3729.9999999999995,
        "roa": -1
      },
      {
        "fiscal_year": "2017/03",
        "sales": 27000.0,
        "ordinary_profit": 831.0,
        "roa": 2.56
      },
      {
        "fiscal_year": "2017/12",
        "sales": 19700.0,
        "ordinary_profit": 725.0,
        "roa": 2.16
      },
      {
        "fiscal_year": "2018/03",
        "ordinary_profit": -669.0,
        "eps": -16.79
      },
      {
        "fiscal_year": "2019/03",
        "sales": 47600.0,
        "operating_profit": 6490.000000000001,
        "ordinary_profit": 4390.0,
        "net_profit": 4390.0,
        "eps": 110.14,
        "roe": 190.16,
        "roa": 11.5,
        "operating_margin": 13.64,
        "cost_ratio": 69.99,
        "sga_ratio": 16.17
      },
      {
        "fiscal_year": "2020/03",
        "sales": 50800.0,
        "operating_profit": 6690.000000000001,
        "ordinary_profit": 4350.0,
        "net_profit": 4270.0,
        "eps": 109.06,
        "roe": 88.71,
        "roa": 12.35,
        "operating_margin": 13.18,
        "cost_ratio": 69.53,
        "sga_ratio": 16.49
      },
      {
        "fiscal_year": "2021/03",
        "sales": 51400.0,
        "operating_profit": 7820.0,
        "ordinary_profit": 4740.0,
        "net_profit": 4860.0,
        "eps": 119.03,
        "roe": 51.38,
        "roa": 13.31,
        "operating_margin": 15.23,
        "cost_ratio": 68.28,
        "sga_ratio": 16.14
      },
      {
        "fiscal_year": "2022/03",
        "sales": 47100.0,
        "operating_profit": 4980.0,
        "ordinary_profit": 2990.0,
        "net_profit": 2960.0,
        "eps": 74.9,
        "roe": 28.55,
        "roa": 8.28,
        "operating_margin": 10.57,
        "cost_ratio": 71.64,
        "sga_ratio": 17.29
      },
      {
        "fiscal_year": "2023/03",
        "sales": 42200.0,
        "operating_profit": 2190.0,
        "ordinary_profit": 1180.0,
        "net_profit": 1130.0,
        "eps": 29.62,
        "roe": 11.35,
        "roa": 3.55,
        "operating_margin": 5.19,
        "cost_ratio": 75.08,
        "sga_ratio": 19.57
      },
      {
        "fiscal_year": "2024/03",
        "sales": 47500.0,
        "operating_profit": 2810.0,
        "ordinary_profit": 1350.0,
        "net_profit": 1360.0,
        "eps": 33.85,
        "roe": 11.79,
        "roa": 3.53,
        "operating_margin": 5.92,
        "cost_ratio": 75.53,
        "sga_ratio": 18.62
      },
      {
        "fiscal_year": "2025/03",
        "sales": 50000.0,
        "operating_profit": 2620.0,
        "ordinary_profit": 1550.0,
        "eps": 38.84,
        "roe": 13.15,
        "roa": 4.11,
        "operating_margin": 5.24
      }
    ],
    "dividend_data": [
      {
        "fiscal_year": "2010/03",
        "dividend_yield": 10.0
      },
      {
        "fiscal_year": "2011/03",
        "dividend_yield": 10.0
      },
      {
        "fiscal_year": "2012/03",
        "dividend_yield": 10.0
      },
      {
        "fiscal_year": "2020/03",
        "total_dividend": 0.0,
        "dividend_yield": 4230.0
      }
    ]
  },
  {
    "code": 1376,
    "name": "カネコ種苗",
    "annual_data": [
      {
        "date": "2010/05/31",
        "per": 8.82,
        "pbr": 0.79,
        "is_per_red": false,
        "is_pbr_red": false
      },
      {
        "date": "2011/05/31",
        "per": 8.77,
        "pbr": 0.75,
        "is_per_red": false,
        "is_pbr_red": false
      },
      {
        "date": "2012/05/31",
        "per": 8.95,
        "pbr": 0.63,
        "is_per_red": false,
        "is_pbr_red": false
      },
      {
        "date": "2013/05/31",
        "per": 12.32,
        "pbr": 0.83,
        "is_per_red": false,
        "is_pbr_red": false
      },
      {
        "date": "2014/05/30",
        "per": 9.07,
        "pbr": 0.74,
        "is_per_red": false,
        "is_pbr_red": false
      },
      {
        "date": "2015/05/29",
        "per": 10.48,
        "pbr": 0.93,
        "is_per_red": false,
        "is_pbr_red": false
      },
      {
        "date": "2016/05/31",
        "per": 10.51,
        "pbr": 0.95,
        "is_per_red": false,
        "is_pbr_red": false
      },
      {
        "date": "2017/05/31",
        "per": 11.4,
        "pbr": 0.96,
        "is_per_red": false,
        "is_pbr_red": false
      },
      {
        "date": "2018/05/31",
        "per": 19.34,
        "pbr": 1.01,
        "is_per_red": false,
        "is_pbr_red": false
      },
      {
        "date": "2019/05/31",
        "per": 12.35,
        "pbr": 0.81,
        "is_per_red": false,
        "is_pbr_red": false
      },
      {
        "date": "2020/05/29",
        "per": 14.86,
        "pbr": 0.82,
        "is_per_red": false,
        "is_pbr_red": false
      },
      {
        "date": "2021/05/31",
        "per": 11.99,
        "pbr": 0.79,
        "is_per_red": false,
        "is_pbr_red": false
      },
      {
        "date": "2022/05/31",
        "per": 16.15,
        "pbr": 0.92,
        "is_per_red": false,
        "is_pbr_red": false
      },
      {
        "date": "2023/05/31",
        "per": 11.48,
        "pbr": 0.69,
        "is_per_red": false,
        "is_pbr_red": false
      },
      {
        "date": "2024/05/31",
        "per": 13.69,
        "pbr": 0.65,
        "is_per_red": false,
        "is_pbr_red": false
      }
    ],
    "daily_data": [],
    "financial_data": [
      {
        "fiscal_year": "2008/05",
        "sales": 44000.0,
        "operating_profit": 1180.0,
        "ordinary_profit": 1200.0,
        "net_profit": 654.0,
        "roa": 6.7,
        "operating_margin": 1.92,
        "cost_ratio": 2.69,
        "sga_ratio": 83.7
      },
      {
        "fiscal_year": "2009/05",
        "sales": 44300.0,
        "operating_profit": 1430.0,
        "ordinary_profit": 1480.0,
        "net_profit": 818.0,
        "roa": 8.04,
        "operating_margin": 2.45,
        "cost_ratio": 3.24,
        "sga_ratio": 83.43
      },
      {
        "fiscal_year": "2010/05",
        "sales": 46000.0,
        "operating_profit": 1610.0000000000002,
        "ordinary_profit": 1660.0000000000002,
        "net_profit": 981.0,
        "roe": 83.36,
        "roa": 8.96,
        "operating_margin": 2.65,
        "cost_ratio": 3.51,
        "sga_ratio": 83.19
      },
      {
        "fiscal_year": "2011/05",
        "sales": 51100.0,
        "operating_profit": 1730.0,
        "ordinary_profit": 1789.9999999999998,
        "net_profit": 998.0,
        "eps": 1000.0,
        "roe": 84.81,
        "roa": 8.54,
        "operating_margin": 2.74,
        "cost_ratio": 3.39,
        "sga_ratio": 83.66
      },
      {
        "fiscal_year": "2012/05",
        "sales": 51400.0,
        "operating_profit": 1530.0,
        "ordinary_profit": 1610.0000000000002,
        "net_profit": 864.0,
        "eps": 818.0,
        "roe": 73.39,
        "roa": 7.02,
        "operating_margin": 2.32,
        "cost_ratio": 2.98,
        "sga_ratio": 84.08
      },
      {
        "fiscal_year": "2013/05",
        "sales": 54000.0,
        "operating_profit": 1380.0,
        "ordinary_profit": 1480.0,
        "net_profit": 886.0,
        "eps": 1080.0,
        "roe": 75.3,
        "roa": 6.74,
        "operating_margin": 2.3,
        "cost_ratio": 2.56,
        "sga_ratio": 84.67
      },
      {
        "fiscal_year": "2014/05",
        "sales": 56500.0,
        "operating_profit": 1810.0000000000002,
        "ordinary_profit": 1920.0,
        "net_profit": 1140.0,
        "eps": 1200.0,
        "roe": 97.29,
        "roa": 8.16,
        "operating_margin": 2.8,
        "cost_ratio": 3.21,
        "sga_ratio": 84.91
      },
      {
        "fiscal_year": "2015/05",
        "sales": 58800.0,
        "operating_profit": 2140.0,
        "ordinary_profit": 2270.0,
        "net_profit": 1370.0,
        "eps": 1720.0,
        "roe": 116.39,
        "roa": 8.85,
        "operating_margin": 3.1,
        "cost_ratio": 3.65,
        "sga_ratio": 84.6
      },
      {
        "fiscal_year": "2016/05",
        "sales": 58100.0,
        "operating_profit": 2140.0,
        "ordinary_profit": 2280.0,
        "net_profit": 1470.0,
        "eps": 1050.0,
        "roe": 124.83,
        "roa": 9.05,
        "operating_margin": 3.39,
        "cost_ratio": 3.69,
        "sga_ratio": 84.25
      },
      {
        "fiscal_year": "2017/05",
        "sales": 57800.0,
        "operating_profit": 2020.0,
        "ordinary_profit": 2120.0,
        "net_profit": 1490.0,
        "eps": 1670.0,
        "roe": 126.86,
        "roa": 8.42,
        "operating_margin": 3.43,
        "cost_ratio": 3.48,
        "sga_ratio": 84.08
      },
      {
        "fiscal_year": "2018/05",
        "sales": 59100.0,
        "operating_profit": 1750.0,
        "ordinary_profit": 1889.9999999999998,
        "net_profit": 978.9999999999999,
        "eps": 1340.0,
        "roe": 83.35,
        "roa": 5.23,
        "operating_margin": 2.17,
        "cost_ratio": 2.96,
        "sga_ratio": 84.36
      },
      {
        "fiscal_year": "2019/05",
        "sales": 58600.0,
        "operating_profit": 1789.9999999999998,
        "ordinary_profit": 1900.0,
        "net_profit": 1280.0,
        "eps": 1200.0,
        "roe": 109.39,
        "roa": 6.55,
        "operating_margin": 2.82,
        "cost_ratio": 3.05,
        "sga_ratio": 84.0
      },
      {
        "fiscal_year": "2020/05",
        "sales": 58200.0,
        "operating_profit": 1490.0,
        "ordinary_profit": 1610.0000000000002,
        "net_profit": 1120.0,
        "eps": 1220.0,
        "roe": 95.95,
        "roa": 5.5,
        "operating_margin": 2.4,
        "cost_ratio": 2.56,
        "sga_ratio": 84.3
      },
      {
        "fiscal_year": "2021/05",
        "sales": 60800.0,
        "operating_profit": 1660.0000000000002,
        "ordinary_profit": 1770.0,
        "net_profit": 1440.0,
        "eps": 1620.0,
        "roe": 123.09,
        "roa": 6.62,
        "operating_margin": 3.03,
        "cost_ratio": 2.73,
        "sga_ratio": 84.49
      },
      {
        "fiscal_year": "2022/05",
        "sales": 60700.0,
        "operating_profit": 1839.9999999999998,
        "ordinary_profit": 1910.0000000000002,
        "net_profit": 1300.0,
        "eps": 1480.0,
        "roe": 111.83,
        "roa": 5.75,
        "operating_margin": 2.66,
        "cost_ratio": 3.02,
        "sga_ratio": 84.37
      },
      {
        "fiscal_year": "2023/05",
        "sales": 62200.0,
        "operating_profit": 1789.9999999999998,
        "ordinary_profit": 1910.0000000000002,
        "net_profit": 1430.0,
        "eps": 1410.0,
        "roe": 123.63,
        "roa": 6.07,
        "operating_margin": 3.05,
        "cost_ratio": 2.87,
        "sga_ratio": 84.71
      },
      {
        "fiscal_year": "2024/05",
        "sales": 61600.0,
        "operating_profit": 1480.0,
        "ordinary_profit": 1570.0,
        "net_profit": 1180.0,
        "eps": 1500.0,
        "roe": 103.28,
        "roa": 4.82,
        "operating_margin": 2.42,
        "cost_ratio": 2.4,
        "sga_ratio": 84.65
      },
      {
        "fiscal_year": "2025/05",
        "sales": 63500.0,
        "operating_profit": 1650.0,
        "ordinary_profit": 1750.0,
        "net_profit": 1200.0,
        "roe": 107.1,
        "roa": 4.95,
        "operating_margin": 2.68,
        "cost_ratio": 2.6
      }
    ],
    "dividend_data": [
      {
        "fiscal_year": "2010/03",
        "total_dividend": 19.0,
        "dividend_yield": 2.59
      },
      {
        "fiscal_year": "2011/03",
        "total_dividend": 21.0,
        "dividend_yield": 2.82
      },
      {
        "fiscal_year": "2012/03",
        "total_dividend": 21.0,
        "dividend_yield": 3.2
      },
      {
        "fiscal_year": "2013/03",
        "total_dividend": 21.0,
        "dividend_yield": 2.26
      }
    ]
  },
  {
    "code": 1377,
    "name": "サカタのタネ",
    "annual_data": [
      {
        "date": "2010/05/31",
        "per": 56.24,
        "pbr": 0.77,
        "is_per_red": false,
        "is_pbr_red": false
      },
      {
        "date": "2011/05/31",
        "per": 41.58,
        "pbr": 0.77,
        "is_per_red": false,
        "is_pbr_red": false
      },
      {
        "date": "2012/05/31",
        "per": 26.95,
        "pbr": 0.72,
        "is_per_red": false,
        "is_pbr_red": false
      },
      {
        "date": "2013/05/31",
        "per": 20.61,
        "pbr": 0.82,
        "is_per_red": false,
        "is_pbr_red": false
      },
      {
        "date": "2014/05/30",
        "per": 22.93,
        "pbr": 0.76,
        "is_per_red": false,
        "is_pbr_red": false
      },
      {
        "date": "2015/05/29",
        "per": 25.79,
        "pbr": 1.13,
        "is_per_red": false,
        "is_pbr_red": false
      },
      {
        "date": "2016/05/31",
        "per": 22.74,
        "pbr": 1.34,
        "is_per_red": false,
        "is_pbr_red": false
      },
      {
        "date": "2017/05/31",
        "per": 26.03,
        "pbr": 1.69,
        "is_per_red": false,
        "is_pbr_red": false
      },
      {
        "date": "2018/05/31",
        "per": 31.92,
        "pbr": 1.85,
        "is_per_red": false,
        "is_pbr_red": false
      },
      {
        "date": "2019/05/31",
        "per": 21.61,
        "pbr": 1.46,
        "is_per_red": false,
        "is_pbr_red": false
      },
      {
        "date": "2020/05/29",
        "per": 27.08,
        "pbr": 1.62,
        "is_per_red": false,
        "is_pbr_red": false
      },
      {
        "date": "2021/05/31",
        "per": 21.7,
        "pbr": 1.48,
        "is_per_red": false,
        "is_pbr_red": false
      },
      {
        "date": "2022/05/31",
        "per": 16.05,
        "pbr": 1.57,
        "is_per_red": false,
        "is_pbr_red": false
      },
      {
        "date": "2023/05/31",
        "per": 18.23,
        "pbr": 1.26,
        "is_per_red": false,
        "is_pbr_red": false
      },
      {
        "date": "2024/05/31",
        "per": 9.24,
        "pbr": 0.92,
        "is_per_red": false,
        "is_pbr_red": false
      }
    ],
    "daily_data": [],
    "financial_data": [
      {
        "fiscal_year": "2008/05",
        "sales": 46800.0,
        "operating_profit": 1300.0,
        "ordinary_profit": 1400.0,
        "net_profit": 294.0,
        "roa": 0.35,
        "operating_margin": 0.3,
        "cost_ratio": 2.79,
        "sga_ratio": 51.36
      },
      {
        "fiscal_year": "2009/05",
        "sales": 45400.0,
        "operating_profit": 1190.0,
        "ordinary_profit": 675.0,
        "net_profit": -1710.0000000000002,
        "roa": -1,
        "operating_margin": -1,
        "cost_ratio": 2.61,
        "sga_ratio": 52.61
      },
      {
        "fiscal_year": "2010/05",
        "sales": 46500.0,
        "operating_profit": 1680.0,
        "ordinary_profit": 1839.9999999999998,
        "net_profit": 1000.0,
        "roe": 20.68,
        "roa": 1.37,
        "operating_margin": 1.17,
        "cost_ratio": 3.6,
        "sga_ratio": 52.16
      },
      {
        "fiscal_year": "2011/05",
        "sales": 47200.0,
        "operating_profit": 3229.9999999999995,
        "ordinary_profit": 3410.0,
        "net_profit": 1320.0,
        "eps": 138.0,
        "roe": 27.27,
        "roa": 1.85,
        "operating_margin": 1.58,
        "cost_ratio": 6.85,
        "sga_ratio": 49.62
      },
      {
        "fiscal_year": "2012/05",
        "sales": 47000.0,
        "operating_profit": 2560.0,
        "ordinary_profit": 2900.0,
        "net_profit": 1900.0,
        "eps": 1080.0,
        "roe": 39.29,
        "roa": 2.66,
        "operating_margin": 2.28,
        "cost_ratio": 5.45,
        "sga_ratio": 51.0
      },
      {
        "fiscal_year": "2013/05",
        "sales": 50300.0,
        "operating_profit": 2220.0,
        "ordinary_profit": 3560.0,
        "net_profit": 3100.0,
        "eps": 7080.0,
        "roe": 63.99,
        "roa": 3.99,
        "operating_margin": 3.45,
        "cost_ratio": 4.41,
        "sga_ratio": 51.56
      },
      {
        "fiscal_year": "2014/05",
        "sales": 53900.0,
        "operating_profit": 3690.0,
        "ordinary_profit": 3910.0,
        "net_profit": 2680.0,
        "eps": 4870.0,
        "roe": 59.57,
        "roa": 3.3,
        "operating_margin": 2.78,
        "cost_ratio": 6.84,
        "sga_ratio": 49.44
      },
      {
        "fiscal_year": "2015/05",
        "sales": 56700.0,
        "operating_profit": 4780.0,
        "ordinary_profit": 5810.0,
        "net_profit": 3820.0000000000005,
        "eps": 7440.000000000001,
        "roe": 84.88,
        "roa": 4.38,
        "operating_margin": 3.63,
        "cost_ratio": 8.43,
        "sga_ratio": 49.32
      },
      {
        "fiscal_year": "2016/05",
        "sales": 58800.0,
        "operating_profit": 7320.0,
        "ordinary_profit": 7559.999999999999,
        "net_profit": 5220.0,
        "eps": 2540.0,
        "roe": 115.88,
        "roa": 5.88,
        "operating_margin": 4.79,
        "cost_ratio": 12.45,
        "sga_ratio": 46.86
      },
      {
        "fiscal_year": "2017/05",
        "sales": 61800.0,
        "operating_profit": 7700.0,
        "ordinary_profit": 8250.0,
        "net_profit": 6110.0,
        "eps": 6350.0,
        "roe": 135.82,
        "roa": 6.51,
        "operating_margin": 5.26,
        "cost_ratio": 12.45,
        "sga_ratio": 45.71
      },
      {
        "fiscal_year": "2018/05",
        "sales": 62400.0,
        "operating_profit": 7550.0,
        "ordinary_profit": 7880.0,
        "net_profit": 5770.0,
        "eps": 6859.999999999999,
        "roe": 128.15,
        "roa": 5.8,
        "operating_margin": 4.77,
        "cost_ratio": 12.1,
        "sga_ratio": 45.01
      },
      {
        "fiscal_year": "2019/05",
        "sales": 62700.0,
        "operating_profit": 7720.0,
        "ordinary_profit": 8330.0,
        "net_profit": 6859.999999999999,
        "eps": 4300.0,
        "roe": 152.68,
        "roa": 6.81,
        "operating_margin": 5.6,
        "cost_ratio": 12.3,
        "sga_ratio": 43.54
      },
      {
        "fiscal_year": "2020/05",
        "sales": 61700.0,
        "operating_profit": 7480.0,
        "ordinary_profit": 8070.0,
        "net_profit": 6090.0,
        "eps": 2380.0,
        "roe": 136.64,
        "roa": 6.0,
        "operating_margin": 4.93,
        "cost_ratio": 12.13,
        "sga_ratio": 44.29
      },
      {
        "fiscal_year": "2021/05",
        "sales": 69200.0,
        "operating_profit": 9730.0,
        "ordinary_profit": 10100.0,
        "net_profit": 7640.000000000001,
        "eps": 11600.0,
        "roe": 171.22,
        "roa": 6.84,
        "operating_margin": 5.74,
        "cost_ratio": 14.05,
        "sga_ratio": 44.3
      },
      {
        "fiscal_year": "2022/05",
        "sales": 73000.0,
        "operating_profit": 11200.0,
        "ordinary_profit": 12100.0,
        "net_profit": 12300.0,
        "eps": 16600.0,
        "roe": 276.02,
        "roa": 9.79,
        "operating_margin": 8.31,
        "cost_ratio": 15.31,
        "sga_ratio": 39.88
      },
      {
        "fiscal_year": "2023/05",
        "sales": 77300.0,
        "operating_profit": 10900.0,
        "ordinary_profit": 12300.0,
        "net_profit": 9490.0,
        "eps": 14900.0,
        "roe": 213.96,
        "roa": 6.89,
        "operating_margin": 5.9,
        "cost_ratio": 14.13,
        "sga_ratio": 38.5
      },
      {
        "fiscal_year": "2024/05",
        "sales": 88700.0,
        "operating_profit": 10500.0,
        "ordinary_profit": 11100.0,
        "net_profit": 16200.0,
        "eps": 27000.0,
        "roe": 365.21,
        "roa": 10.1,
        "operating_margin": 8.39,
        "cost_ratio": 11.84,
        "sga_ratio": 39.14
      },
      {
        "fiscal_year": "2025/05",
        "sales": 93500.0,
        "operating_profit": 11000.0,
        "ordinary_profit": 11000.0,
        "net_profit": 8000.0,
        "roe": 182.44,
        "roa": 4.89,
        "operating_margin": 4.15,
        "cost_ratio": 11.76
      }
    ],
    "dividend_data": [
      {
        "fiscal_year": "2010/03",
        "total_dividend": 20.0,
        "dividend_yield": 1.72
      },
      {
        "fiscal_year": "2011/03",
        "total_dividend": 20.0,
        "dividend_yield": 1.76
      },
      {
        "fiscal_year": "2012/03",
        "total_dividend": 20.0,
        "dividend_yield": 1.89
      },
      {
        "fiscal_year": "2013/03",
        "total_dividend": 25.0,
        "dividend_yield": 1.9
      }
    ]
  },
  {
    "code": 1379,
    "name": "ホクト",
    "annual_data": [
      {
        "date": "2010/03/31",
        "per": 12.37,
        "pbr": 1.48,
        "is_per_red": false,
        "is_pbr_red": false
      },
      {
        "date": "2011/03/31",
        "per": 19.07,
        "pbr": 1.41,
        "is_per_red": false,
        "is_pbr_red": false
      },
      {
        "date": "2012/03/30",
        "per": 13.19,
        "pbr": 1.24,
        "is_per_red": false,
        "is_pbr_red": false
      },
      {
        "date": "2013/03/29",
        "per": 36.88,
        "pbr": 1.29,
        "is_per_red": false,
        "is_pbr_red": false
      },
      {
        "date": "2014/03/31",
        "per": 25.1,
        "pbr": 1.49,
        "is_per_red": false,
        "is_pbr_red": false
      },
      {
        "date": "2015/03/31",
        "per": 19.29,
        "pbr": 1.43,
        "is_per_red": false,
        "is_pbr_red": false
      },
      {
        "date": "2016/03/31",
        "per": 27.42,
        "pbr": 1.43,
        "is_per_red": false,
        "is_pbr_red": false
      },
      {
        "date": "2017/03/31",
        "per": 22.77,
        "pbr": 1.25,
        "is_per_red": false,
        "is_pbr_red": false
      },
      {
        "date": "2018/03/30",
        "per": 26.93,
        "pbr": 1.24,
        "is_per_red": false,
        "is_pbr_red": false
      },
      {
        "date": "2019/03/29",
        "per": 19.21,
        "pbr": 1.17,
        "is_per_red": false,
        "is_pbr_red": false
      },
      {
        "date": "2020/03/31",
        "per": 38.81,
        "pbr": 1.17,
        "is_per_red": false,
        "is_pbr_red": false
      },
      {
        "date": "2021/03/31",
        "per": 16.2,
        "pbr": 1.21,
        "is_per_red": false,
        "is_pbr_red": false
      },
      {
        "date": "2022/03/31",
        "per": 23.75,
        "pbr": 1.1,
        "is_per_red": false,
        "is_pbr_red": false
      },
      {
        "date": "2023/03/31",
        "per": -1,
        "pbr": 1.15,
        "is_per_red": true,
        "is_pbr_red": false
      },
      {
        "date": "2024/03/29",
        "per": 16.78,
        "pbr": 1.08,
        "is_per_red": false,
        "is_pbr_red": false
      }
    ],
    "daily_data": [],
    "financial_data": [
      {
        "fiscal_year": "2008/03",
        "sales": 42300.0,
        "operating_profit": 7059.999999999999,
        "ordinary_profit": 7220.0,
        "net_profit": 3620.0000000000005,
        "roa": 9.92,
        "operating_margin": 6.61,
        "cost_ratio": 16.69,
        "sga_ratio": 63.98
      },
      {
        "fiscal_year": "2009/03",
        "sales": 45500.0,
        "operating_profit": 8660.0,
        "ordinary_profit": 8620.0,
        "net_profit": 4790.0,
        "roa": 12.07,
        "operating_margin": 8.2,
        "cost_ratio": 19.04,
        "sga_ratio": 60.83
      },
      {
        "fiscal_year": "2010/03",
        "sales": 48700.0,
        "operating_profit": 9380.0,
        "ordinary_profit": 9400.0,
        "net_profit": 5170.0,
        "roe": 154.98,
        "roa": 11.99,
        "operating_margin": 8.34,
        "cost_ratio": 19.27,
        "sga_ratio": 60.78
      },
      {
        "fiscal_year": "2011/03",
        "sales": 51200.0,
        "operating_profit": 9860.0,
        "ordinary_profit": 9640.0,
        "net_profit": 3279.9999999999995,
        "eps": 2990.0,
        "roe": 98.26,
        "roa": 7.4,
        "operating_margin": 5.32,
        "cost_ratio": 19.27,
        "sga_ratio": 60.67
      },
      {
        "fiscal_year": "2012/03",
        "sales": 51500.0,
        "operating_profit": 7920.0,
        "ordinary_profit": 8280.0,
        "net_profit": 4410.0,
        "eps": 4480.0,
        "roe": 132.14,
        "roa": 9.39,
        "operating_margin": 6.6,
        "cost_ratio": 15.38,
        "sga_ratio": 63.98
      },
      {
        "fiscal_year": "2013/03",
        "sales": 48400.0,
        "operating_profit": 2360.0,
        "ordinary_profit": 3700.0,
        "net_profit": 1580.0,
        "eps": 2270.0,
        "roe": 47.45,
        "roa": 3.5,
        "operating_margin": 2.38,
        "cost_ratio": 4.87,
        "sga_ratio": 71.94
      },
      {
        "fiscal_year": "2014/03",
        "sales": 57000.0,
        "operating_profit": 4260.0,
        "ordinary_profit": 5480.0,
        "net_profit": 2720.0,
        "eps": 2850.0,
        "roe": 85.53,
        "roa": 5.92,
        "operating_margin": 3.66,
        "cost_ratio": 7.46,
        "sga_ratio": 71.34
      },
      {
        "fiscal_year": "2015/03",
        "sales": 60900.0,
        "operating_profit": 3960.0,
        "ordinary_profit": 5760.0,
        "net_profit": 3700.0,
        "eps": 5030.0,
        "roe": 115.98,
        "roa": 7.38,
        "operating_margin": 4.52,
        "cost_ratio": 6.5,
        "sga_ratio": 72.29
      },
      {
        "fiscal_year": "2016/03",
        "sales": 61000.0,
        "operating_profit": 3429.9999999999995,
        "ordinary_profit": 4070.0000000000005,
        "net_profit": 2600.0,
        "eps": 1510.0,
        "roe": 81.18,
        "roa": 5.21,
        "operating_margin": 3.11,
        "cost_ratio": 5.62,
        "sga_ratio": 72.56
      },
      {
        "fiscal_year": "2017/03",
        "sales": 63100.0,
        "operating_profit": 3429.9999999999995,
        "ordinary_profit": 4380.0,
        "net_profit": 2830.0,
        "eps": 3660.0,
        "roe": 88.14,
        "roa": 5.47,
        "operating_margin": 2.99,
        "cost_ratio": 5.43,
        "sga_ratio": 72.15
      },
      {
        "fiscal_year": "2018/03",
        "sales": 66900.0,
        "operating_profit": 3180.0,
        "ordinary_profit": 4029.9999999999995,
        "net_profit": 2420.0,
        "eps": 2710.0,
        "roe": 75.19,
        "roa": 4.61,
        "operating_margin": 2.41,
        "cost_ratio": 4.75,
        "sga_ratio": 72.91
      },
      {
        "fiscal_year": "2019/03",
        "sales": 70200.0,
        "operating_profit": 3679.9999999999995,
        "ordinary_profit": 4610.0,
        "net_profit": 3190.0,
        "eps": 2500.0,
        "roe": 99.84,
        "roa": 6.13,
        "operating_margin": 3.08,
        "cost_ratio": 5.25,
        "sga_ratio": 72.73
      },
      {
        "fiscal_year": "2020/03",
        "sales": 71200.0,
        "operating_profit": 3920.0000000000005,
        "ordinary_profit": 4190.0,
        "net_profit": 1530.0,
        "eps": 1270.0,
        "roe": 48.57,
        "roa": 3.03,
        "operating_margin": 1.52,
        "cost_ratio": 5.51,
        "sga_ratio": 71.97
      },
      {
        "fiscal_year": "2021/03",
        "sales": 73900.0,
        "operating_profit": 6010.0,
        "ordinary_profit": 6530.0,
        "net_profit": 4040.0,
        "eps": 5070.0,
        "roe": 128.83,
        "roa": 7.46,
        "operating_margin": 4.03,
        "cost_ratio": 8.14,
        "sga_ratio": 70.36
      },
      {
        "fiscal_year": "2022/03",
        "sales": 70900.0,
        "operating_profit": 2010.0000000000002,
        "ordinary_profit": 3660.0,
        "net_profit": 2530.0,
        "eps": 2060.0,
        "roe": 80.25,
        "roa": 4.64,
        "operating_margin": 2.41,
        "cost_ratio": 2.84,
        "sga_ratio": 75.48
      },
      {
        "fiscal_year": "2023/03",
        "sales": 73000.0,
        "operating_profit": -2950.0,
        "ordinary_profit": -1850.0,
        "net_profit": -2039.9999999999998,
        "eps": -1810.0000000000002,
        "roe": -64.43,
        "roa": -1,
        "operating_margin": -1,
        "cost_ratio": -4.04,
        "sga_ratio": 82.23
      },
      {
        "fiscal_year": "2024/03",
        "sales": 79400.0,
        "operating_profit": 3180.0,
        "ordinary_profit": 4720.0,
        "net_profit": 3529.9999999999995,
        "eps": 5020.0,
        "roe": 111.18,
        "roa": 6.43,
        "operating_margin": 3.41,
        "cost_ratio": 4.0,
        "sga_ratio": 75.08
      },
      {
        "fiscal_year": "2025/03",
        "sales": 80800.0,
        "operating_profit": 4300.0,
        "ordinary_profit": 4600.0,
        "net_profit": 2500.0,
        "roe": 78.8,
        "roa": 4.75,
        "operating_margin": 2.31,
        "cost_ratio": 5.32
      }
    ],
    "dividend_data": [
      {
        "fiscal_year": "2010/03",
        "total_dividend": 55.0,
        "dividend_yield": 2.87
      },
      {
        "fiscal_year": "2011/03",
        "total_dividend": 56.0,
        "dividend_yield": 2.99
      },
      {
        "fiscal_year": "2012/03",
        "total_dividend": 57.0,
        "dividend_yield": 3.27
      },
      {
        "fiscal_year": "2013/03",
        "total_dividend": 57.0,
        "dividend_yield": 3.26
      }
    ]
  },
  {
    "code": 1380,
    "name": "秋川牧園",
    "annual_data": [
      {
        "date": "2010/03/30",
        "per": 66.93,
        "pbr": 1.37,
        "is_per_red": false,
        "is_pbr_red": false
      },
      {
        "date": "2011/03/31",
        "per": 109.34,
        "pbr": 1.29,
        "is_per_red": false,
        "is_pbr_red": false
      },
      {
        "date": "2012/03/27",
        "per": 62.87,
        "pbr": 1.3,
        "is_per_red": false,
        "is_pbr_red": false
      },
      {
        "date": "2013/03/27",
        "per": 94.17,
        "pbr": 1.33,
        "is_per_red": false,
        "is_pbr_red": false
      },
      {
        "date": "2014/03/31",
        "per": 93.9,
        "pbr": 1.26,
        "is_per_red": false,
        "is_pbr_red": false
      },
      {
        "date": "2015/03/31",
        "per": 44.12,
        "pbr": 1.51,
        "is_per_red": false,
        "is_pbr_red": false
      },
      {
        "date": "2016/03/31",
        "per": 42.28,
        "pbr": 1.61,
        "is_per_red": false,
        "is_pbr_red": false
      },
      {
        "date": "2017/03/31",
        "per": 25.55,
        "pbr": 1.7,
        "is_per_red": false,
        "is_pbr_red": false
      },
      {
        "date": "2018/03/30",
        "per": 37.56,
        "pbr": 2.04,
        "is_per_red": false,
        "is_pbr_red": false
      },
      {
        "date": "2019/03/29",
        "per": 27.02,
        "pbr": 2.15,
        "is_per_red": false,
        "is_pbr_red": false
      },
      {
        "date": "2020/03/31",
        "per": 43.01,
        "pbr": 1.78,
        "is_per_red": false,
        "is_pbr_red": false
      },
      {
        "date": "2021/03/31",
        "per": 30.12,
        "pbr": 2.67,
        "is_per_red": false,
        "is_pbr_red": false
      },
      {
        "date": "2022/03/31",
        "per": 28.17,
        "pbr": 2.21,
        "is_per_red": false,
        "is_pbr_red": false
      },
      {
        "date": "2023/03/31",
        "per": 27.92,
        "pbr": 2.04,
        "is_per_red": false,
        "is_pbr_red": false
      },
      {
        "date": "2024/03/29",
        "per": 44.23,
        "pbr": 1.99,
        "is_per_red": false,
        "is_pbr_red": false
      }
    ],
    "daily_data": [],
    "financial_data": [
      {
        "fiscal_year": "2008/03",
        "sales": 4200.0,
        "operating_profit": 53.0,
        "ordinary_profit": 58.0,
        "net_profit": 32.0,
        "roa": 2.54,
        "operating_margin": 0.85,
        "cost_ratio": 1.26,
        "sga_ratio": 77.51
      },
      {
        "fiscal_year": "2009/03",
        "sales": 4430.0,
        "operating_profit": 29.0,
        "ordinary_profit": 44.0,
        "net_profit": 11.0,
        "roa": 0.85,
        "operating_margin": 0.29,
        "cost_ratio": 0.66,
        "sga_ratio": 78.23
      },
      {
        "fiscal_year": "2010/03",
        "sales": 4320.0,
        "operating_profit": 65.0,
        "ordinary_profit": 54.0,
        "net_profit": 27.0,
        "roe": 6.35,
        "roa": 2.05,
        "operating_margin": 0.72,
        "cost_ratio": 1.52,
        "sga_ratio": 77.12
      },
      {
        "fiscal_year": "2011/03",
        "sales": 4280.0,
        "operating_profit": 50.0,
        "ordinary_profit": 41.0,
        "net_profit": 15.0,
        "eps": 10.0,
        "roe": 3.64,
        "roa": 1.18,
        "operating_margin": 0.38,
        "cost_ratio": 1.18,
        "sga_ratio": 77.52
      },
      {
        "fiscal_year": "2012/03",
        "sales": 4420.0,
        "operating_profit": 39.0,
        "ordinary_profit": 60.0,
        "net_profit": 27.0,
        "eps": 27.0,
        "roe": 6.49,
        "roa": 2.08,
        "operating_margin": 0.7,
        "cost_ratio": 0.88,
        "sga_ratio": 77.8
      },
      {
        "fiscal_year": "2013/03",
        "sales": 4290.0,
        "operating_profit": 2.4,
        "ordinary_profit": 43.0,
        "net_profit": 19.0,
        "eps": 24.0,
        "roe": 4.46,
        "roa": 1.41,
        "operating_margin": 0.47,
        "cost_ratio": 0.06,
        "sga_ratio": 78.11
      },
      {
        "fiscal_year": "2014/03",
        "sales": 4560.0,
        "operating_profit": -3.6,
        "ordinary_profit": 35.0,
        "net_profit": 18.0,
        "eps": 18.0,
        "roe": 4.26,
        "roa": 1.34,
        "operating_margin": 0.45,
        "cost_ratio": -0.08,
        "sga_ratio": 79.27
      },
      {
        "fiscal_year": "2015/03",
        "sales": 4830.0,
        "operating_profit": 75.0,
        "ordinary_profit": 72.0,
        "net_profit": 47.0,
        "eps": 58.0,
        "roe": 11.22,
        "roa": 3.42,
        "operating_margin": 1.16,
        "cost_ratio": 1.55,
        "sga_ratio": 77.67
      },
      {
        "fiscal_year": "2016/03",
        "sales": 5230.0,
        "operating_profit": 88.0,
        "ordinary_profit": 87.0,
        "net_profit": 53.0,
        "eps": 47.0,
        "roe": 12.82,
        "roa": 3.81,
        "operating_margin": 1.28,
        "cost_ratio": 1.69,
        "sga_ratio": 76.15
      },
      {
        "fiscal_year": "2017/03",
        "sales": 5400.0,
        "operating_profit": 138.0,
        "ordinary_profit": 142.0,
        "net_profit": 100.0,
        "eps": 114.0,
        "roe": 23.91,
        "roa": 6.65,
        "operating_margin": 2.22,
        "cost_ratio": 2.55,
        "sga_ratio": 74.32
      },
      {
        "fiscal_year": "2018/03",
        "sales": 5500.0,
        "operating_profit": 91.0,
        "ordinary_profit": 129.0,
        "net_profit": 85.0,
        "eps": 96.0,
        "roe": 20.5,
        "roa": 5.43,
        "operating_margin": 1.7,
        "cost_ratio": 1.66,
        "sga_ratio": 74.65
      },
      {
        "fiscal_year": "2019/03",
        "sales": 5620.0,
        "operating_profit": 98.0,
        "ordinary_profit": 131.0,
        "net_profit": 135.0,
        "eps": 143.0,
        "roe": 32.42,
        "roa": 7.97,
        "operating_margin": 2.65,
        "cost_ratio": 1.75,
        "sga_ratio": 75.37
      },
      {
        "fiscal_year": "2020/03",
        "sales": 5790.0,
        "operating_profit": 94.0,
        "ordinary_profit": 121.0,
        "net_profit": 72.0,
        "eps": 58.0,
        "roe": 17.23,
        "roa": 4.15,
        "operating_margin": 1.41,
        "cost_ratio": 1.63,
        "sga_ratio": 75.66
      },
      {
        "fiscal_year": "2021/03",
        "sales": 6420.0,
        "operating_profit": 266.0,
        "ordinary_profit": 288.0,
        "net_profit": 170.0,
        "eps": 208.0,
        "roe": 40.77,
        "roa": 8.86,
        "operating_margin": 3.16,
        "cost_ratio": 4.14,
        "sga_ratio": 72.82
      },
      {
        "fiscal_year": "2022/03",
        "sales": 6640.000000000001,
        "operating_profit": 116.0,
        "ordinary_profit": 237.0,
        "net_profit": 160.0,
        "eps": 160.0,
        "roe": 38.27,
        "roa": 7.85,
        "operating_margin": 2.85,
        "cost_ratio": 1.74,
        "sga_ratio": 74.25
      },
      {
        "fiscal_year": "2023/03",
        "sales": 7070.0,
        "operating_profit": 20.0,
        "ordinary_profit": 242.0,
        "net_profit": 156.0,
        "eps": 144.0,
        "roe": 37.43,
        "roa": 7.31,
        "operating_margin": 2.57,
        "cost_ratio": 0.28,
        "sga_ratio": 76.61
      },
      {
        "fiscal_year": "2024/03",
        "sales": 7390.000000000001,
        "operating_profit": 12.0,
        "ordinary_profit": 154.0,
        "net_profit": 98.0,
        "eps": 91.0,
        "roe": 23.58,
        "roa": 4.5,
        "operating_margin": 1.39,
        "cost_ratio": 0.16,
        "sga_ratio": 76.43
      },
      {
        "fiscal_year": "2025/03",
        "sales": 7809.999999999999,
        "operating_profit": -11.0,
        "ordinary_profit": 35.0,
        "net_profit": 3.0,
        "roe": 0.72,
        "roa": 0.14,
        "operating_margin": 0.04,
        "cost_ratio": -0.14
      }
    ],
    "dividend_data": [
      {
        "fiscal_year": "2010/03",
        "total_dividend": 0.71
      },
      {
        "fiscal_year": "2011/03",
        "total_dividend": 0.75
      },
      {
        "fiscal_year": "2012/03",
        "total_dividend": 0.74
      },
      {
        "fiscal_year": "2013/03",
        "total_dividend": 0.71
      }
    ]
  },
  {
    "code": 1381,
    "name": "アクシーズ",
    "annual_data": [
      {
        "date": "2010/06/30",
        "per": 10.32,
        "pbr": 0.73,
        "is_per_red": false,
        "is_pbr_red": false
      },
      {
        "date": "2011/06/30",
        "per": 9.55,
        "pbr": 0.7,
        "is_per_red": false,
        "is_pbr_red": false
      },
      {
        "date": "2012/06/29",
        "per": 12.91,
        "pbr": 0.7,
        "is_per_red": false,
        "is_pbr_red": false
      },
      {
        "date": "2013/06/28",
        "per": 15.99,
        "pbr": 0.66,
        "is_per_red": false,
        "is_pbr_red": false
      },
      {
        "date": "2014/06/30",
        "per": 9.14,
        "pbr": 0.66,
        "is_per_red": false,
        "is_pbr_red": false
      },
      {
        "date": "2015/06/30",
        "per": 11.79,
        "pbr": 1.66,
        "is_per_red": false,
        "is_pbr_red": false
      },
      {
        "date": "2016/06/30",
        "per": 8.39,
        "pbr": 1.17,
        "is_per_red": false,
        "is_pbr_red": false
      },
      {
        "date": "2017/06/30",
        "per": 9.71,
        "pbr": 1.8,
        "is_per_red": false,
        "is_pbr_red": false
      },
      {
        "date": "2018/06/29",
        "per": 11.07,
        "pbr": 1.9,
        "is_per_red": false,
        "is_pbr_red": false
      },
      {
        "date": "2019/06/28",
        "per": 7.64,
        "pbr": 1.0,
        "is_per_red": false,
        "is_pbr_red": false
      },
      {
        "date": "2020/06/30",
        "per": 7.84,
        "pbr": 1.0,
        "is_per_red": false,
        "is_pbr_red": false
      },
      {
        "date": "2021/06/30",
        "per": 7.75,
        "pbr": 1.08,
        "is_per_red": false,
        "is_pbr_red": false
      },
      {
        "date": "2022/06/30",
        "per": 9.29,
        "pbr": 0.96,
        "is_per_red": false,
        "is_pbr_red": false
      },
      {
        "date": "2023/06/30",
        "per": 12.09,
        "pbr": 0.86,
        "is_per_red": false,
        "is_pbr_red": false
      },
      {
        "date": "2024/06/28",
        "per": 13.51,
        "pbr": 0.81,
        "is_per_red": false,
        "is_pbr_red": false
      }
    ],
    "daily_data": [],
    "financial_data": [
      {
        "fiscal_year": "2008/06",
        "sales": 14000.0,
        "operating_profit": 584.0,
        "ordinary_profit": 574.0,
        "net_profit": 284.0,
        "roa": 5.77,
        "operating_margin": 3.41,
        "cost_ratio": 4.18,
        "sga_ratio": 69.64
      },
      {
        "fiscal_year": "2009/06",
        "sales": 14800.0,
        "operating_profit": 432.0,
        "ordinary_profit": 517.0,
        "net_profit": 310.0,
        "roa": 6.0,
        "operating_margin": 3.76,
        "cost_ratio": 2.92,
        "sga_ratio": 72.07
      },
      {
        "fiscal_year": "2010/06",
        "sales": 14800.0,
        "operating_profit": 454.0,
        "ordinary_profit": 530.0,
        "net_profit": 384.0,
        "roe": 68.3,
        "roa": 7.05,
        "operating_margin": 4.64,
        "cost_ratio": 3.07,
        "sga_ratio": 69.17
      },
      {
        "fiscal_year": "2011/06",
        "sales": 14600.0,
        "operating_profit": 606.0,
        "ordinary_profit": 721.0,
        "net_profit": 424.0,
        "eps": 436.00000000000006,
        "roe": 75.41,
        "roa": 7.3,
        "operating_margin": 5.05,
        "cost_ratio": 4.15,
        "sga_ratio": 68.23
      },
      {
        "fiscal_year": "2012/06",
        "sales": 15200.0,
        "operating_profit": 378.0,
        "ordinary_profit": 493.0,
        "net_profit": 326.0,
        "eps": 326.0,
        "roe": 58.08,
        "roa": 5.38,
        "operating_margin": 3.8,
        "cost_ratio": 2.48,
        "sga_ratio": 70.54
      },
      {
        "fiscal_year": "2013/06",
        "sales": 14800.0,
        "operating_profit": 281.0,
        "ordinary_profit": 409.99999999999994,
        "net_profit": 260.0,
        "eps": 292.0,
        "roe": 46.29,
        "roa": 4.14,
        "operating_margin": 3.2,
        "cost_ratio": 1.9,
        "sga_ratio": 71.9
      },
      {
        "fiscal_year": "2014/06",
        "sales": 15800.0,
        "operating_profit": 641.0,
        "ordinary_profit": 730.0,
        "net_profit": 484.99999999999994,
        "eps": 482.0,
        "roe": 86.36,
        "roa": 7.25,
        "operating_margin": 5.58,
        "cost_ratio": 4.05,
        "sga_ratio": 71.96
      },
      {
        "fiscal_year": "2015/06",
        "sales": 17700.0,
        "operating_profit": 1860.0000000000002,
        "ordinary_profit": 1930.0,
        "net_profit": 1090.0,
        "eps": 1120.0,
        "roe": 194.26,
        "roa": 14.08,
        "operating_margin": 10.41,
        "cost_ratio": 10.53,
        "sga_ratio": 66.46
      },
      {
        "fiscal_year": "2016/06",
        "sales": 18400.0,
        "operating_profit": 2340.0,
        "ordinary_profit": 2390.0,
        "net_profit": 1220.0,
        "eps": 1170.0,
        "roe": 217.77,
        "roa": 13.94,
        "operating_margin": 10.58,
        "cost_ratio": 12.73,
        "sga_ratio": 64.72
      },
      {
        "fiscal_year": "2017/06",
        "sales": 18800.0,
        "operating_profit": 2960.0,
        "ordinary_profit": 3060.0,
        "net_profit": 1960.0000000000002,
        "eps": 2000.0,
        "roe": 349.0,
        "roa": 18.54,
        "operating_margin": 14.23,
        "cost_ratio": 15.76,
        "sga_ratio": 61.76
      },
      {
        "fiscal_year": "2018/06",
        "sales": 19400.0,
        "operating_profit": 2990.0,
        "ordinary_profit": 3090.0,
        "net_profit": 2130.0,
        "eps": 2120.0,
        "roe": 379.46,
        "roa": 17.12,
        "operating_margin": 13.87,
        "cost_ratio": 15.44,
        "sga_ratio": 62.48
      },
      {
        "fiscal_year": "2019/06",
        "sales": 19600.0,
        "operating_profit": 2430.0,
        "ordinary_profit": 2560.0,
        "net_profit": 1810.0000000000002,
        "eps": 1789.9999999999998,
        "roe": 321.77,
        "roa": 13.08,
        "operating_margin": 11.0,
        "cost_ratio": 12.41,
        "sga_ratio": 68.33
      },
      {
        "fiscal_year": "2020/06",
        "sales": 19800.0,
        "operating_profit": 2740.0,
        "ordinary_profit": 2830.0,
        "net_profit": 1970.0,
        "eps": 2030.0,
        "roe": 351.33,
        "roa": 12.82,
        "operating_margin": 10.99,
        "cost_ratio": 13.84,
        "sga_ratio": 66.8
      },
      {
        "fiscal_year": "2021/06",
        "sales": 21200.0,
        "operating_profit": 3370.0000000000005,
        "ordinary_profit": 3510.0,
        "net_profit": 2410.0,
        "eps": 2410.0,
        "roe": 429.5,
        "roa": 13.92,
        "operating_margin": 11.94,
        "cost_ratio": 15.94,
        "sga_ratio": 65.27
      },
      {
        "fiscal_year": "2022/06",
        "sales": 21700.0,
        "operating_profit": 2450.0,
        "ordinary_profit": 2670.0,
        "net_profit": 1939.9999999999998,
        "eps": 1950.0,
        "roe": 345.99,
        "roa": 10.35,
        "operating_margin": 9.08,
        "cost_ratio": 11.29,
        "sga_ratio": 71.37
      },
      {
        "fiscal_year": "2023/06",
        "sales": 24100.0,
        "operating_profit": 1910.0000000000002,
        "ordinary_profit": 1980.0,
        "net_profit": 1410.0,
        "eps": 1510.0,
        "roe": 251.08,
        "roa": 7.14,
        "operating_margin": 6.23,
        "cost_ratio": 7.93,
        "sga_ratio": 75.07
      },
      {
        "fiscal_year": "2024/06",
        "sales": 25800.0,
        "operating_profit": 1570.0,
        "ordinary_profit": 1780.0,
        "net_profit": 1240.0,
        "eps": 1510.0,
        "roe": 220.63,
        "roa": 5.98,
        "operating_margin": 5.07,
        "cost_ratio": 6.08,
        "sga_ratio": 77.06
      },
      {
        "fiscal_year": "2025/06",
        "sales": 25500.0,
        "operating_profit": 1000.0,
        "ordinary_profit": 1100.0,
        "net_profit": 1000.0,
        "roe": 178.07,
        "roa": 4.92,
        "operating_margin": 4.28,
        "cost_ratio": 3.92
      }
    ],
    "dividend_data": [
      {
        "fiscal_year": "2010/03",
        "total_dividend": 1.77
      },
      {
        "fiscal_year": "2011/03",
        "total_dividend": 1.74
      },
      {
        "fiscal_year": "2012/03",
        "total_dividend": 1.67
      },
      {
        "fiscal_year": "2013/03",
        "total_dividend": 1.69
      }
    ]
  },
  {
    "code": 1382,
    "name": "ホーブ",
    "annual_data": [
      {
        "date": "2010/06/29",
        "per": 27.51,
        "pbr": 1.15,
        "is_per_red": false,
        "is_pbr_red": false
      },
      {
        "date": "2011/06/30",
        "per": 117.89,
        "pbr": 1.03,
        "is_per_red": false,
        "is_pbr_red": false
      },
      {
        "date": "2012/06/29",
        "per": -1,
        "pbr": 0.78,
        "is_per_red": true,
        "is_pbr_red": false
      },
      {
        "date": "2013/06/28",
        "per": -1,
        "pbr": 0.78,
        "is_per_red": true,
        "is_pbr_red": false
      },
      {
        "date": "2014/06/30",
        "per": 12.2,
        "pbr": 0.9,
        "is_per_red": false,
        "is_pbr_red": false
      },
      {
        "date": "2015/06/30",
        "per": 40.21,
        "pbr": 0.99,
        "is_per_red": false,
        "is_pbr_red": false
      },
      {
        "date": "2016/06/30",
        "per": -1,
        "pbr": 0.79,
        "is_per_red": true,
        "is_pbr_red": false
      },
      {
        "date": "2017/06/30",
        "per": -1,
        "pbr": 1.65,
        "is_per_red": true,
        "is_pbr_red": false
      },
      {
        "date": "2018/06/29",
        "per": -1,
        "pbr": 1.85,
        "is_per_red": true,
        "is_pbr_red": false
      },
      {
        "date": "2019/06/28",
        "per": 14.05,
        "pbr": 1.43,
        "is_per_red": false,
        "is_pbr_red": false
      },
      {
        "date": "2020/06/30",
        "per": 23.55,
        "pbr": 1.46,
        "is_per_red": false,
        "is_pbr_red": false
      },
      {
        "date": "2021/06/30",
        "per": 6.68,
        "pbr": 1.25,
        "is_per_red": false,
        "is_pbr_red": false
      },
      {
        "date": "2022/06/30",
        "per": 7.03,
        "pbr": 1.39,
        "is_per_red": false,
        "is_pbr_red": false
      },
      {
        "date": "2023/06/30",
        "per": 12.52,
        "pbr": 1.75,
        "is_per_red": false,
        "is_pbr_red": false
      },
      {
        "date": "2024/06/28",
        "per": 85.73,
        "pbr": 2.23,
        "is_per_red": false,
        "is_pbr_red": false
      }
    ],
    "daily_data": [],
    "financial_data": [
      {
        "fiscal_year": "2008/06",
        "sales": 4640.0,
        "operating_profit": 157.0,
        "ordinary_profit": 162.0,
        "net_profit": 91.0,
        "roa": 7.32,
        "operating_margin": 5.97,
        "cost_ratio": 3.38,
        "sga_ratio": 77.83
      },
      {
        "fiscal_year": "2009/06",
        "sales": 3679.9999999999995,
        "operating_profit": -57.0,
        "ordinary_profit": -48.0,
        "net_profit": -85.0,
        "roa": -1,
        "operating_margin": -1,
        "cost_ratio": -1.56,
        "sga_ratio": 77.12
      },
      {
        "fiscal_year": "2010/06",
        "sales": 3860.0,
        "operating_profit": 71.0,
        "ordinary_profit": 75.0,
        "net_profit": 46.0,
        "roe": 60.15,
        "roa": 4.17,
        "operating_margin": 3.35,
        "cost_ratio": 1.83,
        "sga_ratio": 76.73
      },
      {
        "fiscal_year": "2011/06",
        "sales": 3810.0,
        "operating_profit": 14.0,
        "ordinary_profit": 23.0,
        "net_profit": 9.2,
        "eps": 9.2,
        "roe": 12.13,
        "roa": 0.87,
        "operating_margin": 0.72,
        "cost_ratio": 0.38,
        "sga_ratio": 78.48
      },
      {
        "fiscal_year": "2012/06",
        "sales": 3579.9999999999995,
        "operating_profit": -19.0,
        "ordinary_profit": -13.0,
        "net_profit": -11.0,
        "eps": -11.0,
        "roe": -14.15,
        "roa": -1,
        "operating_margin": -1,
        "cost_ratio": -0.53,
        "sga_ratio": 78.43
      },
      {
        "fiscal_year": "2013/06",
        "sales": 4010.0,
        "operating_profit": -15.0,
        "ordinary_profit": -8.0,
        "net_profit": -58.0,
        "eps": -57.0,
        "roe": -75.65,
        "roa": -1,
        "operating_margin": -1,
        "cost_ratio": -0.39,
        "sga_ratio": 81.05
      },
      {
        "fiscal_year": "2014/06",
        "sales": 4660.0,
        "operating_profit": 139.0,
        "ordinary_profit": 166.0,
        "net_profit": 74.0,
        "eps": 74.0,
        "roe": 96.83,
        "roa": 7.4,
        "operating_margin": 5.4,
        "cost_ratio": 2.99,
        "sga_ratio": 80.14
      },
      {
        "fiscal_year": "2015/06",
        "sales": 5160.0,
        "operating_profit": 34.0,
        "ordinary_profit": 39.0,
        "net_profit": 24.0,
        "eps": 25.0,
        "roe": 32.08,
        "roa": 2.47,
        "operating_margin": 1.86,
        "cost_ratio": 0.65,
        "sga_ratio": 83.44
      },
      {
        "fiscal_year": "2016/06",
        "sales": 4490.0,
        "operating_profit": -69.0,
        "ordinary_profit": -60.0,
        "net_profit": -110.0,
        "eps": -111.0,
        "roe": -144.55,
        "roa": -1,
        "operating_margin": -1,
        "cost_ratio": -1.53,
        "sga_ratio": 83.43
      },
      {
        "fiscal_year": "2017/06",
        "sales": 3720.0000000000005,
        "operating_profit": -183.0,
        "ordinary_profit": -177.0,
        "net_profit": -409.0,
        "eps": -409.0,
        "roe": -537.47,
        "roa": -1,
        "operating_margin": -1,
        "cost_ratio": -4.92,
        "sga_ratio": 84.34
      },
      {
        "fiscal_year": "2018/06",
        "sales": 3870.0000000000005,
        "operating_profit": -64.0,
        "ordinary_profit": -59.0,
        "net_profit": -64.0,
        "eps": -64.0,
        "roe": -84.43,
        "roa": -1,
        "operating_margin": -1,
        "cost_ratio": -1.64,
        "sga_ratio": 84.28
      },
      {
        "fiscal_year": "2019/06",
        "sales": 3590.0,
        "operating_profit": 46.0,
        "ordinary_profit": 49.0,
        "net_profit": 45.0,
        "eps": 44.0,
        "roe": 58.59,
        "roa": 10.15,
        "operating_margin": 4.33,
        "cost_ratio": 1.29,
        "sga_ratio": 81.22
      },
      {
        "fiscal_year": "2020/06",
        "sales": 3229.9999999999995,
        "operating_profit": 24.0,
        "ordinary_profit": 27.0,
        "net_profit": 29.0,
        "eps": 29.0,
        "roe": 38.0,
        "roa": 6.18,
        "operating_margin": 2.98,
        "cost_ratio": 0.76,
        "sga_ratio": 81.11
      },
      {
        "fiscal_year": "2021/06",
        "sales": 3040.0,
        "operating_profit": 106.0,
        "ordinary_profit": 109.0,
        "net_profit": 108.0,
        "eps": 109.0,
        "roe": 142.17,
        "roa": 18.76,
        "operating_margin": 11.11,
        "cost_ratio": 3.5,
        "sga_ratio": 78.71
      },
      {
        "fiscal_year": "2022/06",
        "sales": 2600.0,
        "operating_profit": 148.0,
        "ordinary_profit": 150.0,
        "net_profit": 142.0,
        "eps": 142.0,
        "roe": 186.73,
        "roa": 19.77,
        "operating_margin": 13.15,
        "cost_ratio": 5.68,
        "sga_ratio": 73.72
      },
      {
        "fiscal_year": "2023/06",
        "sales": 2490.0,
        "operating_profit": 135.0,
        "ordinary_profit": 139.0,
        "net_profit": 110.0,
        "eps": 110.0,
        "roe": 144.87,
        "roa": 14.01,
        "operating_margin": 9.96,
        "cost_ratio": 5.43,
        "sga_ratio": 73.31
      },
      {
        "fiscal_year": "2024/06",
        "sales": 2520.0,
        "operating_profit": 33.0,
        "ordinary_profit": 38.0,
        "net_profit": 20.0,
        "eps": 20.0,
        "roe": 26.27,
        "roa": 2.6,
        "operating_margin": 1.78,
        "cost_ratio": 1.3,
        "sga_ratio": 78.09
      },
      {
        "fiscal_year": "2025/06",
        "sales": 2600.0,
        "operating_profit": 90.0,
        "ordinary_profit": 90.0,
        "net_profit": 71.0,
        "roe": 93.21,
        "roa": 10.16,
        "operating_margin": 7.21,
        "cost_ratio": 3.46
      }
    ],
    "dividend_data": [
      {
        "fiscal_year": "2010/03",
        "total_dividend": 65.0,
        "dividend_yield": 3.93
      },
      {
        "fiscal_year": "2011/03",
        "total_dividend": 65.0,
        "dividend_yield": 4.55
      },
      {
        "fiscal_year": "2012/03",
        "total_dividend": 25.0,
        "dividend_yield": 2.44
      },
      {
        "fiscal_year": "2013/03",
        "total_dividend": 0.0,
        "dividend_yield": 0.0
      }
    ]
  },
  {
    "code": 1383,
    "name": "ベルグアース",
    "annual_data": [
      {
        "date": "2012/10/31",
        "per": 14.31,
        "pbr": 1.47,
        "is_per_red": false,
        "is_pbr_red": false
      },
      {
        "date": "2013/10/31",
        "per": 13.6,
        "pbr": 1.84,
        "is_per_red": false,
        "is_pbr_red": false
      },
      {
        "date": "2014/10/31",
        "per": 11.34,
        "pbr": 1.59,
        "is_per_red": false,
        "is_pbr_red": false
      },
      {
        "date": "2015/10/30",
        "per": 44.68,
        "pbr": 1.22,
        "is_per_red": false,
        "is_pbr_red": false
      },
      {
        "date": "2016/10/31",
        "per": 87.83,
        "pbr": 1.01,
        "is_per_red": false,
        "is_pbr_red": false
      },
      {
        "date": "2017/10/31",
        "per": -1,
        "pbr": 1.6,
        "is_per_red": true,
        "is_pbr_red": false
      },
      {
        "date": "2018/10/31",
        "per": 83.01,
        "pbr": 2.11,
        "is_per_red": false,
        "is_pbr_red": false
      },
      {
        "date": "2019/10/31",
        "per": -1,
        "pbr": 2.5,
        "is_per_red": true,
        "is_pbr_red": false
      },
      {
        "date": "2020/10/30",
        "per": -1,
        "pbr": 3.09,
        "is_per_red": true,
        "is_pbr_red": false
      },
      {
        "date": "2021/10/29",
        "per": 25.87,
        "pbr": 3.11,
        "is_per_red": false,
        "is_pbr_red": false
      },
      {
        "date": "2022/10/31",
        "per": 19.41,
        "pbr": 2.44,
        "is_per_red": false,
        "is_pbr_red": false
      },
      {
        "date": "2023/10/31",
        "per": 62.72,
        "pbr": 2.51,
        "is_per_red": false,
        "is_pbr_red": false
      },
      {
        "date": "2024/10/31",
        "per": 122.4,
        "pbr": 2.36,
        "is_per_red": false,
        "is_pbr_red": false
      }
    ],
    "daily_data": [],
    "financial_data": [
      {
        "fiscal_year": "2009/10",
        "sales": 2690.0,
        "operating_profit": 122.0,
        "ordinary_profit": 117.0,
        "net_profit": 80.0,
        "roa": 19.68,
        "operating_margin": 3.98,
        "cost_ratio": 4.55,
        "sga_ratio": 77.44
      },
      {
        "fiscal_year": "2010/10",
        "sales": 2980.0,
        "operating_profit": 176.0,
        "ordinary_profit": 180.0,
        "net_profit": 83.0,
        "roe": 84.3,
        "roa": 16.93,
        "operating_margin": 3.97,
        "cost_ratio": 5.9,
        "sga_ratio": 75.76
      },
      {
        "fiscal_year": "2011/10",
        "sales": 3260.0,
        "operating_profit": 188.0,
        "ordinary_profit": 200.0,
        "net_profit": 121.0,
        "roe": 123.76,
        "roa": 19.91,
        "operating_margin": 6.08,
        "cost_ratio": 5.77,
        "sga_ratio": 75.07
      },
      {
        "fiscal_year": "2012/10",
        "sales": 3570.0000000000005,
        "operating_profit": 165.0,
        "ordinary_profit": 177.0,
        "net_profit": 93.0,
        "roe": 72.88,
        "roa": 10.3,
        "operating_margin": 3.85,
        "cost_ratio": 4.61,
        "sga_ratio": 75.58
      },
      {
        "fiscal_year": "2013/10",
        "sales": 3810.0,
        "operating_profit": 199.0,
        "ordinary_profit": 223.0,
        "net_profit": 140.0,
        "roe": 110.47,
        "roa": 13.55,
        "operating_margin": 5.31,
        "cost_ratio": 5.23,
        "sga_ratio": 75.42
      },
      {
        "fiscal_year": "2014/10",
        "sales": 4029.9999999999995,
        "operating_profit": 118.0,
        "ordinary_profit": 263.0,
        "net_profit": 168.0,
        "roe": 132.31,
        "roa": 14.05,
        "operating_margin": 5.7,
        "cost_ratio": 2.94,
        "sga_ratio": 76.58
      },
      {
        "fiscal_year": "2015/10",
        "sales": 4230.0,
        "operating_profit": 55.0,
        "ordinary_profit": 57.0,
        "net_profit": 33.0,
        "eps": 30.0,
        "roe": 26.23,
        "roa": 2.74,
        "operating_margin": 0.83,
        "cost_ratio": 1.31,
        "sga_ratio": 75.24
      },
      {
        "fiscal_year": "2016/10",
        "sales": 4400.0,
        "operating_profit": -98.0,
        "ordinary_profit": -92.0,
        "net_profit": 14.0,
        "eps": 59.0,
        "roe": 11.01,
        "roa": 1.15,
        "operating_margin": 0.38,
        "cost_ratio": -2.24,
        "sga_ratio": 78.19
      },
      {
        "fiscal_year": "2017/10",
        "sales": 4620.0,
        "operating_profit": -59.0,
        "ordinary_profit": -71.0,
        "net_profit": -69.0,
        "eps": -76.0,
        "roe": -54.48,
        "roa": -1,
        "operating_margin": -1,
        "cost_ratio": -1.28,
        "sga_ratio": 76.89
      },
      {
        "fiscal_year": "2018/10",
        "sales": 4700.0,
        "operating_profit": 14.0,
        "ordinary_profit": 29.0,
        "net_profit": 29.0,
        "eps": 15.0,
        "roe": 23.01,
        "roa": 2.54,
        "operating_margin": 0.79,
        "cost_ratio": 0.29,
        "sga_ratio": 75.46
      },
      {
        "fiscal_year": "2019/10",
        "sales": 4890.0,
        "operating_profit": 73.0,
        "ordinary_profit": 32.0,
        "net_profit": -3.8,
        "eps": 10.0,
        "roe": -2.97,
        "roa": -1,
        "operating_margin": -1,
        "cost_ratio": 1.49,
        "sga_ratio": 73.46
      },
      {
        "fiscal_year": "2020/10",
        "sales": 5200.0,
        "operating_profit": -124.0,
        "ordinary_profit": -132.0,
        "net_profit": -214.0,
        "eps": -186.0,
        "roe": -168.88,
        "roa": -1,
        "operating_margin": -1,
        "cost_ratio": -2.4,
        "sga_ratio": 76.55
      },
      {
        "fiscal_year": "2021/10",
        "sales": 5370.0,
        "operating_profit": -54.0,
        "ordinary_profit": -57.0,
        "net_profit": 122.0,
        "eps": 120.0,
        "roe": 96.25,
        "roa": 12.04,
        "operating_margin": 2.4,
        "cost_ratio": -1.01,
        "sga_ratio": 75.22
      },
      {
        "fiscal_year": "2022/10",
        "sales": 6390.0,
        "operating_profit": -59.0,
        "ordinary_profit": -44.0,
        "net_profit": 202.0,
        "eps": 192.0,
        "roe": 142.42,
        "roa": 12.47,
        "operating_margin": 3.33,
        "cost_ratio": -0.92,
        "sga_ratio": 76.37
      },
      {
        "fiscal_year": "2023/10",
        "sales": 7059.999999999999,
        "operating_profit": 77.0,
        "ordinary_profit": 107.0,
        "net_profit": 78.0,
        "eps": 85.0,
        "roe": 50.86,
        "roa": 3.84,
        "operating_margin": 1.38,
        "cost_ratio": 1.09,
        "sga_ratio": 75.15
      },
      {
        "fiscal_year": "2024/10",
        "sales": 7090.000000000001,
        "operating_profit": 22.0,
        "ordinary_profit": -16.0,
        "net_profit": 40.0,
        "eps": 54.0,
        "roe": 25.0,
        "roa": 1.93,
        "operating_margin": 0.7,
        "cost_ratio": 0.31,
        "sga_ratio": 75.46
      },
      {
        "fiscal_year": "2025/10",
        "sales": 7400.0,
        "operating_profit": 70.0,
        "ordinary_profit": 68.0,
        "net_profit": 150.0,
        "roe": 93.91,
        "roa": 7.26,
        "operating_margin": 2.64,
        "cost_ratio": 0.95
      }
    ],
    "dividend_data": [
      {
        "fiscal_year": "2012/03",
        "total_dividend": 0.48
      },
      {
        "fiscal_year": "2013/03",
        "total_dividend": 0.47
      }
    ]
  },
  {
    "code": 1384,
    "name": "ホクリヨウ",
    "annual_data": [
      {
        "date": "2015/08/31",
        "per": 7.88,
        "pbr": 1.11,
        "is_per_red": false,
        "is_pbr_red": false
      },
      {
        "date": "2016/08/31",
        "per": 5.96,
        "pbr": 0.93,
        "is_per_red": false,
        "is_pbr_red": false
      },
      {
        "date": "2017/08/31",
        "per": 5.6,
        "pbr": 0.96,
        "is_per_red": false,
        "is_pbr_red": false
      },
      {
        "date": "2018/03/30",
        "per": 17.65,
        "pbr": 1.29,
        "is_per_red": false,
        "is_pbr_red": false
      },
      {
        "date": "2019/03/29",
        "per": 60.0,
        "pbr": 0.58,
        "is_per_red": false,
        "is_pbr_red": false
      },
      {
        "date": "2020/03/31",
        "per": 23.18,
        "pbr": 0.58,
        "is_per_red": false,
        "is_pbr_red": false
      },
      {
        "date": "2021/03/31",
        "per": 46.09,
        "pbr": 0.67,
        "is_per_red": false,
        "is_pbr_red": false
      },
      {
        "date": "2022/03/31",
        "per": 4.92,
        "pbr": 0.58,
        "is_per_red": false,
        "is_pbr_red": false
      },
      {
        "date": "2023/03/31",
        "per": 9.2,
        "pbr": 0.64,
        "is_per_red": false,
        "is_pbr_red": false
      },
      {
        "date": "2024/03/29",
        "per": 5.4,
        "pbr": 0.73,
        "is_per_red": false,
        "is_pbr_red": false
      }
    ],
    "daily_data": [],
    "financial_data": [
      {
        "fiscal_year": "2010/08",
        "sales": 10200.0,
        "ordinary_profit": 595.0,
        "net_profit": 278.0,
        "roe": 47.64,
        "operating_margin": 3.86
      },
      {
        "fiscal_year": "2011/08",
        "sales": 11100.0,
        "ordinary_profit": 927.9999999999999,
        "net_profit": 507.0,
        "roe": 86.95,
        "operating_margin": 6.44
      },
      {
        "fiscal_year": "2012/08",
        "sales": 10400.0,
        "ordinary_profit": 426.0,
        "net_profit": 184.0,
        "roe": 31.59,
        "operating_margin": 2.31
      },
      {
        "fiscal_year": "2013/08",
        "sales": 10700.0,
        "operating_profit": 388.0,
        "ordinary_profit": 434.99999999999994,
        "net_profit": 202.0,
        "roe": 34.64,
        "roa": 5.21,
        "operating_margin": 2.44,
        "cost_ratio": 3.64,
        "sga_ratio": 84.25
      },
      {
        "fiscal_year": "2014/08",
        "sales": 13200.0,
        "operating_profit": 353.0,
        "ordinary_profit": 413.99999999999994,
        "net_profit": 55.00000000000001,
        "eps": 85.0,
        "roe": 9.39,
        "roa": 1.39,
        "operating_margin": 0.56,
        "cost_ratio": 2.67,
        "sga_ratio": 84.07
      },
      {
        "fiscal_year": "2015/08",
        "sales": 15600.0,
        "operating_profit": 1040.0,
        "ordinary_profit": 1070.0,
        "net_profit": 668.0,
        "eps": 717.0,
        "roe": 100.14,
        "roa": 12.56,
        "operating_margin": 5.98,
        "cost_ratio": 6.65,
        "sga_ratio": 79.81
      },
      {
        "fiscal_year": "2016/08",
        "sales": 15700.0,
        "operating_profit": 1500.0,
        "ordinary_profit": 1550.0,
        "net_profit": 978.9999999999999,
        "eps": 947.0000000000001,
        "roe": 128.21,
        "roa": 14.02,
        "operating_margin": 7.52,
        "cost_ratio": 9.55,
        "sga_ratio": 77.14
      },
      {
        "fiscal_year": "2017/08",
        "sales": 16000.0,
        "operating_profit": 1520.0,
        "ordinary_profit": 1689.9999999999998,
        "net_profit": 1420.0,
        "eps": 1470.0,
        "roe": 167.92,
        "roa": 17.05,
        "operating_margin": 10.12,
        "cost_ratio": 9.51,
        "sga_ratio": 76.88
      },
      {
        "fiscal_year": "2018/03",
        "sales": 9120.0,
        "operating_profit": 977.0,
        "ordinary_profit": 1019.9999999999999,
        "net_profit": 647.0,
        "eps": 665.0,
        "roe": 76.43,
        "roa": 7.29,
        "operating_margin": 4.32,
        "cost_ratio": 10.71,
        "sga_ratio": 75.44
      },
      {
        "fiscal_year": "2019/03",
        "sales": 12800.0,
        "operating_profit": 154.0,
        "ordinary_profit": 221.0,
        "net_profit": 85.0,
        "eps": 46.0,
        "roe": 10.05,
        "roa": 0.97,
        "operating_margin": 0.57,
        "cost_ratio": 1.21,
        "sga_ratio": 86.86
      },
      {
        "fiscal_year": "2020/03",
        "sales": 13400.0,
        "operating_profit": 140.0,
        "ordinary_profit": 198.0,
        "net_profit": 223.0,
        "eps": 222.00000000000003,
        "roe": 26.36,
        "roa": 2.5,
        "operating_margin": 1.52,
        "cost_ratio": 1.04,
        "sga_ratio": 85.54
      },
      {
        "fiscal_year": "2021/03",
        "sales": 13100.0,
        "operating_profit": 153.0,
        "ordinary_profit": 225.99999999999997,
        "net_profit": 132.0,
        "eps": 206.99999999999997,
        "roe": 15.6,
        "roa": 1.46,
        "operating_margin": 0.93,
        "cost_ratio": 1.17,
        "sga_ratio": 86.85
      },
      {
        "fiscal_year": "2022/03",
        "sales": 15400.0,
        "operating_profit": 877.9999999999999,
        "ordinary_profit": 942.0,
        "net_profit": 1190.0,
        "roe": 140.8,
        "roa": 11.73,
        "operating_margin": 7.66,
        "cost_ratio": 5.72,
        "sga_ratio": 82.8
      },
      {
        "fiscal_year": "2023/03",
        "sales": 17800.0,
        "operating_profit": 1320.0,
        "ordinary_profit": 1380.0,
        "net_profit": 745.0,
        "roe": 88.07,
        "roa": 6.93,
        "operating_margin": 4.42,
        "cost_ratio": 7.39,
        "sga_ratio": 82.48
      },
      {
        "fiscal_year": "2024/03",
        "sales": 18900.0,
        "operating_profit": 2250.0,
        "ordinary_profit": 2320.0,
        "net_profit": 1660.0000000000002,
        "roe": 195.77,
        "roa": 13.44,
        "operating_margin": 9.32,
        "cost_ratio": 11.88,
        "sga_ratio": 79.21
      },
      {
        "fiscal_year": "2025/03",
        "sales": 19200.0,
        "operating_profit": 1370.0,
        "ordinary_profit": 1430.0,
        "net_profit": 1520.0,
        "roe": 179.93,
        "roa": 11.74,
        "operating_margin": 8.28,
        "cost_ratio": 7.14
      }
    ],
    "dividend_data": [
      {
        "fiscal_year": "2010/03",
        "total_dividend": 15.0,
        "dividend_yield": 5.0
      },
      {
        "fiscal_year": "2011/03",
        "total_dividend": 20.0,
        "dividend_yield": 6.67
      },
      {
        "fiscal_year": "2012/03",
        "total_dividend": 10.0,
        "dividend_yield": 3.33
      },
      {
        "fiscal_year": "2013/03",
        "total_dividend": 10.0,
        "dividend_yield": 3.33
      },
      {
        "fiscal_year": "2014/03",
        "total_dividend": 20.0,
        "dividend_yield": 6.67
      }
    ]
  }
]