[
  {
    "code": 9101,
    "name": "日本郵船",
    "annual_data": [
      {
        "date": "2010/03/31",
        "per": -1,
        "pbr": 0.95,
        "is_per_red": true,
        "is_pbr_red": false
      },
      {
        "date": "2011/03/31",
        "per": 7.02,
        "pbr": 0.8,
        "is_per_red": false,
        "is_pbr_red": false
      },
      {
        "date": "2012/03/30",
        "per": -1,
        "pbr": 0.77,
        "is_per_red": true,
        "is_pbr_red": false
      },
      {
        "date": "2013/03/29",
        "per": 21.87,
        "pbr": 0.64,
        "is_per_red": false,
        "is_pbr_red": false
      },
      {
        "date": "2014/03/31",
        "per": 15.4,
        "pbr": 0.71,
        "is_per_red": false,
        "is_pbr_red": false
      },
      {
        "date": "2015/03/31",
        "per": 12.3,
        "pbr": 0.72,
        "is_per_red": false,
        "is_pbr_red": false
      },
      {
        "date": "2016/03/31",
        "per": 20.08,
        "pbr": 0.47,
        "is_per_red": false,
        "is_pbr_red": false
      },
      {
        "date": "2017/03/31",
        "per": -1,
        "pbr": 0.76,
        "is_per_red": true,
        "is_pbr_red": false
      },
      {
        "date": "2018/03/30",
        "per": 17.96,
        "pbr": 0.66,
        "is_per_red": false,
        "is_pbr_red": false
      },
      {
        "date": "2019/03/29",
        "per": -1,
        "pbr": 0.56,
        "is_per_red": true,
        "is_pbr_red": false
      },
      {
        "date": "2020/03/31",
        "per": 6.98,
        "pbr": 0.47,
        "is_per_red": false,
        "is_pbr_red": false
      },
      {
        "date": "2021/03/31",
        "per": 4.58,
        "pbr": 1.02,
        "is_per_red": false,
        "is_pbr_red": false
      },
      {
        "date": "2022/03/31",
        "per": 1.8,
        "pbr": 1.06,
        "is_per_red": false,
        "is_pbr_red": false
      },
      {
        "date": "2023/03/31",
        "per": 1.55,
        "pbr": 0.63,
        "is_per_red": false,
        "is_pbr_red": false
      },
      {
        "date": "2024/03/29",
        "per": 8.7,
        "pbr": 0.71,
        "is_per_red": false,
        "is_pbr_red": false
      }
    ],
    "daily_data": [],
    "financial_data": [
      {
        "fiscal_year": "2008/03",
        "sales": 2580000.0,
        "operating_profit": 202100.0,
        "ordinary_profit": 200000.0,
        "net_profit": 110000.0,
        "roa": 17.89,
        "operating_margin": 4.99,
        "cost_ratio": 7.82,
        "sga_ratio": 82.37
      },
      {
        "fiscal_year": "2009/03",
        "sales": 2430000.0,
        "operating_profit": 144900.0,
        "ordinary_profit": 140000.0,
        "net_profit": 60000.0,
        "roa": 10.32,
        "operating_margin": 2.71,
        "cost_ratio": 5.96,
        "sga_ratio": 84.55
      },
      {
        "fiscal_year": "2010/03",
        "sales": 1700000.0,
        "operating_profit": -18100.0,
        "ordinary_profit": -30000.0,
        "net_profit": -20000.0,
        "roe": -3.42,
        "roa": -1,
        "operating_margin": -1,
        "cost_ratio": -1.07,
        "sga_ratio": 89.61
      },
      {
        "fiscal_year": "2011/03",
        "sales": 1930000.0,
        "operating_profit": 122300.0,
        "ordinary_profit": 110000.0,
        "net_profit": 80000.0,
        "eps": 40000.0,
        "roe": 15.39,
        "roa": 11.47,
        "operating_margin": 3.69,
        "cost_ratio": 6.34,
        "sga_ratio": 84.08
      },
      {
        "fiscal_year": "2012/03",
        "sales": 1810000.0,
        "operating_profit": -24100.0,
        "ordinary_profit": -30000.0,
        "net_profit": -70000.0,
        "eps": -90000.0,
        "roe": -14.27,
        "roa": -1,
        "operating_margin": -1,
        "cost_ratio": -1.33,
        "sga_ratio": 91.88
      },
      {
        "fiscal_year": "2013/03",
        "sales": 1900000.0,
        "operating_profit": 17400.0,
        "ordinary_profit": 20000.0,
        "net_profit": 20000.0,
        "eps": 90000.0,
        "roe": 3.7,
        "roa": 2.9,
        "operating_margin": 0.78,
        "cost_ratio": 0.92,
        "sga_ratio": 89.85
      },
      {
        "fiscal_year": "2014/03",
        "sales": 2240000.0,
        "operating_profit": 45000.0,
        "ordinary_profit": 60000.0,
        "net_profit": 30000.0,
        "eps": 90000.0,
        "roe": 6.49,
        "roa": 4.59,
        "operating_margin": 1.3,
        "cost_ratio": 2.01,
        "sga_ratio": 89.0
      },
      {
        "fiscal_year": "2015/03",
        "sales": 2400000.0,
        "operating_profit": 66200.0,
        "ordinary_profit": 80000.0,
        "net_profit": 50000.0,
        "eps": 110000.0,
        "roe": 9.35,
        "roa": 5.87,
        "operating_margin": 1.85,
        "cost_ratio": 2.76,
        "sga_ratio": 88.57
      },
      {
        "fiscal_year": "2016/03",
        "sales": 2270000.0,
        "operating_profit": 49000.0,
        "ordinary_profit": 60000.0,
        "net_profit": 20000.0,
        "eps": -20000.0,
        "roe": 3.58,
        "roa": 2.36,
        "operating_margin": 0.81,
        "cost_ratio": 2.15,
        "sga_ratio": 88.44
      },
      {
        "fiscal_year": "2017/03",
        "sales": 1920000.0,
        "operating_profit": -18100.0,
        "ordinary_profit": 1040.0,
        "net_profit": -270000.0,
        "eps": -240000.0,
        "roe": -52.41,
        "roa": -1,
        "operating_margin": -1,
        "cost_ratio": -0.94,
        "sga_ratio": 90.27
      },
      {
        "fiscal_year": "2018/03",
        "sales": 2180000.0,
        "operating_profit": 27800.0,
        "ordinary_profit": 30000.0,
        "net_profit": 20000.0,
        "eps": 30000.0,
        "roe": 39.86,
        "roa": 3.65,
        "operating_margin": 0.97,
        "cost_ratio": 1.27,
        "sga_ratio": 89.43
      },
      {
        "fiscal_year": "2019/03",
        "sales": 1830000.0,
        "operating_profit": 11100.0,
        "ordinary_profit": 2050.0,
        "net_profit": -40000.0,
        "eps": -60000.0,
        "roe": -87.93,
        "roa": -1,
        "operating_margin": -1,
        "cost_ratio": 0.61,
        "sga_ratio": 89.33
      },
      {
        "fiscal_year": "2020/03",
        "sales": 1670000.0,
        "operating_profit": 38700.0,
        "ordinary_profit": 40000.0,
        "net_profit": 30000.0,
        "eps": -10000.0,
        "roe": 61.46,
        "roa": 6.73,
        "operating_margin": 1.61,
        "cost_ratio": 2.32,
        "sga_ratio": 87.6
      },
      {
        "fiscal_year": "2021/03",
        "sales": 1610000.0,
        "operating_profit": 71500.0,
        "ordinary_profit": 220000.0,
        "net_profit": 140000.0,
        "eps": 180000.0,
        "roe": 274.85,
        "roa": 22.26,
        "operating_margin": 6.55,
        "cost_ratio": 4.45,
        "sga_ratio": 85.5
      },
      {
        "fiscal_year": "2022/03",
        "sales": 2280000.0,
        "operating_profit": 268900.0,
        "ordinary_profit": 100000.0,
        "net_profit": 1010000.0,
        "eps": 1160000.0,
        "roe": 1991.25,
        "roa": 58.88,
        "operating_margin": 32.76,
        "cost_ratio": 11.79,
        "sga_ratio": 80.12
      },
      {
        "fiscal_year": "2023/03",
        "sales": 2620000.0,
        "operating_profit": 296400.0,
        "ordinary_profit": 1110000.0,
        "net_profit": 1010000.0,
        "eps": 1170000.0,
        "roe": 1993.71,
        "roa": 40.85,
        "operating_margin": 26.81,
        "cost_ratio": 11.33,
        "sga_ratio": 80.5
      },
      {
        "fiscal_year": "2024/03",
        "sales": 2390000.0,
        "operating_profit": 174700.0,
        "ordinary_profit": 260000.0,
        "net_profit": 230000.0,
        "eps": 520000.0,
        "roe": 468.13,
        "roa": 8.63,
        "operating_margin": 5.37,
        "cost_ratio": 7.32,
        "sga_ratio": 82.69
      },
      {
        "fiscal_year": "2025/03",
        "sales": 2540000.0,
        "operating_profit": 200000.0,
        "ordinary_profit": 410000.0,
        "net_profit": 390000.0,
        "roe": 869.36,
        "roa": 14.03,
        "operating_margin": 9.33,
        "cost_ratio": 7.87
      }
    ],
    "dividend_data": [
      {
        "fiscal_year": "2010/03",
        "total_dividend": 4.0,
        "dividend_yield": 1.33
      },
      {
        "fiscal_year": "2011/03",
        "total_dividend": 11.0,
        "dividend_yield": 3.67
      },
      {
        "fiscal_year": "2012/03",
        "total_dividend": 4.0,
        "dividend_yield": 1.33
      },
      {
        "fiscal_year": "2013/03",
        "total_dividend": 4.0,
        "dividend_yield": 1.33
      }
    ]
  },
  {
    "code": 9104,
    "name": "商船三井",
    "annual_data": [
      {
        "date": "2010/03/31",
        "per": 63.73,
        "pbr": 1.23,
        "is_per_red": false,
        "is_pbr_red": false
      },
      {
        "date": "2011/03/31",
        "per": 9.94,
        "pbr": 0.88,
        "is_per_red": false,
        "is_pbr_red": false
      },
      {
        "date": "2012/03/30",
        "per": -1,
        "pbr": 0.68,
        "is_per_red": true,
        "is_pbr_red": false
      },
      {
        "date": "2013/03/29",
        "per": -1,
        "pbr": 0.7,
        "is_per_red": true,
        "is_pbr_red": false
      },
      {
        "date": "2014/03/31",
        "per": 8.38,
        "pbr": 0.71,
        "is_per_red": false,
        "is_pbr_red": false
      },
      {
        "date": "2015/03/31",
        "per": 11.52,
        "pbr": 0.62,
        "is_per_red": false,
        "is_pbr_red": false
      },
      {
        "date": "2016/03/31",
        "per": -1,
        "pbr": 0.5,
        "is_per_red": true,
        "is_pbr_red": false
      },
      {
        "date": "2017/03/31",
        "per": 79.86,
        "pbr": 0.73,
        "is_per_red": false,
        "is_pbr_red": false
      },
      {
        "date": "2018/03/30",
        "per": -1,
        "pbr": 0.72,
        "is_per_red": true,
        "is_pbr_red": false
      },
      {
        "date": "2019/03/29",
        "per": 10.6,
        "pbr": 0.54,
        "is_per_red": false,
        "is_pbr_red": false
      },
      {
        "date": "2020/03/31",
        "per": 6.4,
        "pbr": 0.41,
        "is_per_red": false,
        "is_pbr_red": false
      },
      {
        "date": "2021/03/31",
        "per": 5.15,
        "pbr": 0.8,
        "is_per_red": false,
        "is_pbr_red": false
      },
      {
        "date": "2022/03/31",
        "per": 1.74,
        "pbr": 0.97,
        "is_per_red": false,
        "is_pbr_red": false
      },
      {
        "date": "2023/03/31",
        "per": 1.5,
        "pbr": 0.62,
        "is_per_red": false,
        "is_pbr_red": false
      },
      {
        "date": "2024/03/29",
        "per": 6.38,
        "pbr": 0.71,
        "is_per_red": false,
        "is_pbr_red": false
      }
    ],
    "daily_data": [],
    "financial_data": [
      {
        "fiscal_year": "2008/03",
        "sales": 1950000.0,
        "operating_profit": 291300.0,
        "ordinary_profit": 302200.0,
        "net_profit": 190300.0,
        "roa": 28.02,
        "operating_margin": 10.01,
        "cost_ratio": 14.97,
        "sga_ratio": 79.36
      },
      {
        "fiscal_year": "2009/03",
        "sales": 1870000.0,
        "operating_profit": 197200.0,
        "ordinary_profit": 204500.0,
        "net_profit": 127000.0,
        "roa": 20.36,
        "operating_margin": 7.03,
        "cost_ratio": 10.57,
        "sga_ratio": 83.85
      },
      {
        "fiscal_year": "2010/03",
        "sales": 1350000.0,
        "operating_profit": 20900.0,
        "ordinary_profit": 24200.0,
        "net_profit": 12700.0,
        "roe": 3.52,
        "roa": 1.93,
        "operating_margin": 0.68,
        "cost_ratio": 1.55,
        "sga_ratio": 91.14
      },
      {
        "fiscal_year": "2011/03",
        "sales": 1540000.0,
        "operating_profit": 123400.0,
        "ordinary_profit": 121600.0,
        "net_profit": 58300.0,
        "eps": 13900.0,
        "roe": 16.1,
        "roa": 8.82,
        "operating_margin": 3.12,
        "cost_ratio": 7.99,
        "sga_ratio": 86.09
      },
      {
        "fiscal_year": "2012/03",
        "sales": 1440000.0,
        "operating_profit": -24500.0,
        "ordinary_profit": -24300.0,
        "net_profit": -26000.0,
        "eps": -12400.0,
        "roe": -7.19,
        "roa": -1,
        "operating_margin": -1,
        "cost_ratio": -1.7,
        "sga_ratio": 95.37
      },
      {
        "fiscal_year": "2013/03",
        "sales": 1510000.0,
        "operating_profit": -15800.0,
        "ordinary_profit": -28600.0,
        "net_profit": -178800.0,
        "eps": -92500.0,
        "roe": -49.42,
        "roa": -1,
        "operating_margin": -1,
        "cost_ratio": -1.04,
        "sga_ratio": 94.89
      },
      {
        "fiscal_year": "2014/03",
        "sales": 1730000.0,
        "operating_profit": 41100.0,
        "ordinary_profit": 55000.0,
        "net_profit": 57400.0,
        "eps": 154500.0,
        "roe": 16.0,
        "roa": 8.45,
        "operating_margin": 2.43,
        "cost_ratio": 2.38,
        "sga_ratio": 91.82
      },
      {
        "fiscal_year": "2015/03",
        "sales": 1820000.0,
        "operating_profit": 17200.0,
        "ordinary_profit": 51300.0,
        "net_profit": 42400.0,
        "eps": 123000.0,
        "roe": 11.81,
        "roa": 5.41,
        "operating_margin": 1.61,
        "cost_ratio": 0.95,
        "sga_ratio": 92.67
      },
      {
        "fiscal_year": "2016/03",
        "sales": 1710000.0,
        "operating_profit": 2320.0,
        "ordinary_profit": 36300.0,
        "net_profit": -170400.0,
        "eps": -231700.0,
        "roe": -47.5,
        "roa": -1,
        "operating_margin": -1,
        "cost_ratio": 0.14,
        "sga_ratio": 93.13
      },
      {
        "fiscal_year": "2017/03",
        "sales": 1500000.0,
        "operating_profit": 2560.0,
        "ordinary_profit": 25400.0,
        "net_profit": 5260.0,
        "eps": 42000.0,
        "roe": 1.47,
        "roa": 0.92,
        "operating_margin": 0.24,
        "cost_ratio": 0.17,
        "sga_ratio": 92.28
      },
      {
        "fiscal_year": "2018/03",
        "sales": 1650000.0,
        "operating_profit": 22700.0,
        "ordinary_profit": 31500.0,
        "net_profit": -47400.0,
        "eps": -52300.0,
        "roe": -132.05,
        "roa": -1,
        "operating_margin": -1,
        "cost_ratio": 1.37,
        "sga_ratio": 91.61
      },
      {
        "fiscal_year": "2019/03",
        "sales": 1230000.0,
        "operating_profit": 37700.0,
        "ordinary_profit": 38600.0,
        "net_profit": 26900.0,
        "eps": 25200.0,
        "roe": 74.91,
        "roa": 5.12,
        "operating_margin": 1.26,
        "cost_ratio": 3.06,
        "sga_ratio": 88.72
      },
      {
        "fiscal_year": "2020/03",
        "sales": 1160000.0,
        "operating_profit": 23800.0,
        "ordinary_profit": 55100.0,
        "net_profit": 32600.0,
        "eps": 2610.0,
        "roe": 90.93,
        "roa": 6.36,
        "operating_margin": 1.55,
        "cost_ratio": 2.06,
        "sga_ratio": 89.65
      },
      {
        "fiscal_year": "2021/03",
        "sales": 990000.0,
        "operating_profit": -5300.0,
        "ordinary_profit": 133600.0,
        "net_profit": 90100.0,
        "eps": 75300.0,
        "roe": 250.99,
        "roa": 15.59,
        "operating_margin": 4.3,
        "cost_ratio": -0.53,
        "sga_ratio": 91.89
      },
      {
        "fiscal_year": "2022/03",
        "sales": 1270000.0,
        "operating_profit": 55000.0,
        "ordinary_profit": 721800.0,
        "net_profit": 708800.0,
        "eps": 777000.0,
        "roe": 1970.15,
        "roa": 55.61,
        "operating_margin": 26.38,
        "cost_ratio": 4.33,
        "sga_ratio": 88.03
      },
      {
        "fiscal_year": "2023/03",
        "sales": 1610000.0,
        "operating_profit": 108700.0,
        "ordinary_profit": 811600.0,
        "net_profit": 796100.0,
        "eps": 992400.0,
        "roe": 2204.03,
        "roa": 41.35,
        "operating_margin": 22.33,
        "cost_ratio": 6.74,
        "sga_ratio": 85.39
      },
      {
        "fiscal_year": "2024/03",
        "sales": 1630000.0,
        "operating_profit": 103100.0,
        "ordinary_profit": 259000.0,
        "net_profit": 261700.0,
        "eps": 461000.0,
        "roe": 722.85,
        "roa": 11.12,
        "operating_margin": 6.35,
        "cost_ratio": 6.34,
        "sga_ratio": 84.71
      },
      {
        "fiscal_year": "2025/03",
        "sales": 1790000.0,
        "operating_profit": 153000.0,
        "ordinary_profit": 365000.0,
        "net_profit": 350000.0,
        "roe": 965.5,
        "roa": 13.15,
        "operating_margin": 7.82,
        "cost_ratio": 8.55
      }
    ],
    "dividend_data": [
      {
        "fiscal_year": "2010/03",
        "total_dividend": 3.0,
        "dividend_yield": 1.0
      },
      {
        "fiscal_year": "2011/03",
        "total_dividend": 10.0,
        "dividend_yield": 3.33
      },
      {
        "fiscal_year": "2012/03",
        "total_dividend": 5.0,
        "dividend_yield": 1.67
      },
      {
        "fiscal_year": "2013/03",
        "total_dividend": 0.0,
        "dividend_yield": 0.0
      }
    ]
  },
  {
    "code": 9107,
    "name": "川崎汽船",
    "annual_data": [
      {
        "date": "2010/03/31",
        "per": -1,
        "pbr": 0.92,
        "is_per_red": true,
        "is_pbr_red": false
      },
      {
        "date": "2011/03/31",
        "per": 7.65,
        "pbr": 0.8,
        "is_per_red": false,
        "is_pbr_red": false
      },
      {
        "date": "2012/03/30",
        "per": -1,
        "pbr": 0.57,
        "is_per_red": true,
        "is_pbr_red": false
      },
      {
        "date": "2013/03/29",
        "per": 17.43,
        "pbr": 0.55,
        "is_per_red": false,
        "is_pbr_red": false
      },
      {
        "date": "2014/03/31",
        "per": 12.68,
        "pbr": 0.54,
        "is_per_red": false,
        "is_pbr_red": false
      },
      {
        "date": "2015/03/31",
        "per": 11.33,
        "pbr": 0.69,
        "is_per_red": false,
        "is_pbr_red": false
      },
      {
        "date": "2016/03/31",
        "per": -1,
        "pbr": 0.57,
        "is_per_red": true,
        "is_pbr_red": false
      },
      {
        "date": "2017/03/31",
        "per": -1,
        "pbr": 1.27,
        "is_per_red": true,
        "is_pbr_red": false
      },
      {
        "date": "2018/03/30",
        "per": 22.43,
        "pbr": 1.07,
        "is_per_red": false,
        "is_pbr_red": false
      },
      {
        "date": "2019/03/29",
        "per": -1,
        "pbr": 1.07,
        "is_per_red": true,
        "is_pbr_red": false
      },
      {
        "date": "2020/03/31",
        "per": 14.33,
        "pbr": 0.75,
        "is_per_red": false,
        "is_pbr_red": false
      },
      {
        "date": "2021/03/31",
        "per": 2.18,
        "pbr": 1.08,
        "is_per_red": false,
        "is_pbr_red": false
      },
      {
        "date": "2022/03/31",
        "per": 1.16,
        "pbr": 0.85,
        "is_per_red": false,
        "is_pbr_red": false
      },
      {
        "date": "2023/03/31",
        "per": 1.18,
        "pbr": 0.49,
        "is_per_red": false,
        "is_pbr_red": false
      },
      {
        "date": "2024/03/29",
        "per": 13.93,
        "pbr": 0.9,
        "is_per_red": false,
        "is_pbr_red": false
      }
    ],
    "daily_data": [],
    "financial_data": [],
    "dividend_data": [
      {
        "fiscal_year": "2011/03",
        "total_dividend": 9.5,
        "dividend_yield": 1.06
      },
      {
        "fiscal_year": "2013/03",
        "total_dividend": 2.5,
        "dividend_yield": 0.28
      },
      {
        "fiscal_year": "2020/03",
        "total_dividend": 0.0,
        "dividend_yield": 0.0
      },
      {
        "fiscal_year": "2021/03",
        "total_dividend": 0.0,
        "dividend_yield": 0.0
      }
    ]
  },
  {
    "code": 9110,
    "name": "ＮＳユナイテッド海運",
    "annual_data": [
      {
        "date": "2010/03/31",
        "per": 39.2,
        "pbr": 1.03,
        "is_per_red": false,
        "is_pbr_red": false
      },
      {
        "date": "2011/03/31",
        "per": 12.62,
        "pbr": 0.63,
        "is_per_red": false,
        "is_pbr_red": false
      },
      {
        "date": "2012/03/30",
        "per": -1,
        "pbr": 0.49,
        "is_per_red": true,
        "is_pbr_red": false
      },
      {
        "date": "2013/03/29",
        "per": -1,
        "pbr": 0.73,
        "is_per_red": true,
        "is_pbr_red": false
      },
      {
        "date": "2014/03/31",
        "per": 5.24,
        "pbr": 0.9,
        "is_per_red": false,
        "is_pbr_red": false
      },
      {
        "date": "2015/03/31",
        "per": 7.81,
        "pbr": 0.91,
        "is_per_red": false,
        "is_pbr_red": false
      },
      {
        "date": "2016/03/31",
        "per": 8.67,
        "pbr": 0.48,
        "is_per_red": false,
        "is_pbr_red": false
      },
      {
        "date": "2017/03/31",
        "per": 17.03,
        "pbr": 0.74,
        "is_per_red": false,
        "is_pbr_red": false
      },
      {
        "date": "2018/03/30",
        "per": 7.73,
        "pbr": 0.63,
        "is_per_red": false,
        "is_pbr_red": false
      },
      {
        "date": "2019/03/29",
        "per": 5.98,
        "pbr": 0.63,
        "is_per_red": false,
        "is_pbr_red": false
      },
      {
        "date": "2020/03/31",
        "per": 5.5,
        "pbr": 0.36,
        "is_per_red": false,
        "is_pbr_red": false
      },
      {
        "date": "2021/03/31",
        "per": 7.25,
        "pbr": 0.46,
        "is_per_red": false,
        "is_pbr_red": false
      },
      {
        "date": "2022/03/31",
        "per": 4.21,
        "pbr": 0.84,
        "is_per_red": false,
        "is_pbr_red": false
      },
      {
        "date": "2023/03/31",
        "per": 3.51,
        "pbr": 0.71,
        "is_per_red": false,
        "is_pbr_red": false
      },
      {
        "date": "2024/03/29",
        "per": 6.04,
        "pbr": 0.73,
        "is_per_red": false,
        "is_pbr_red": false
      }
    ],
    "daily_data": [],
    "financial_data": [],
    "dividend_data": [
      {
        "fiscal_year": "2010/03",
        "total_dividend": 2.0,
        "dividend_yield": 0.68
      },
      {
        "fiscal_year": "2011/03",
        "total_dividend": 3.0,
        "dividend_yield": 1.69
      },
      {
        "fiscal_year": "2013/03",
        "total_dividend": 0.0,
        "dividend_yield": 0.0
      }
    ]
  },
  {
    "code": 9115,
    "name": "明海グループ",
    "annual_data": [
      {
        "date": "2010/03/31",
        "per": 45.49,
        "pbr": 2.62,
        "is_per_red": false,
        "is_pbr_red": false
      },
      {
        "date": "2011/03/31",
        "per": -1,
        "pbr": 1.92,
        "is_per_red": true,
        "is_pbr_red": false
      },
      {
        "date": "2012/03/30",
        "per": 25.44,
        "pbr": 2.3,
        "is_per_red": false,
        "is_pbr_red": false
      },
      {
        "date": "2013/03/29",
        "per": 31.76,
        "pbr": 2.56,
        "is_per_red": false,
        "is_pbr_red": false
      },
      {
        "date": "2014/03/31",
        "per": 9.68,
        "pbr": 1.49,
        "is_per_red": false,
        "is_pbr_red": false
      },
      {
        "date": "2015/03/31",
        "per": 5.07,
        "pbr": 0.99,
        "is_per_red": false,
        "is_pbr_red": false
      },
      {
        "date": "2016/03/31",
        "per": 11.23,
        "pbr": 0.92,
        "is_per_red": false,
        "is_pbr_red": false
      },
      {
        "date": "2017/03/31",
        "per": 13.15,
        "pbr": 1.09,
        "is_per_red": false,
        "is_pbr_red": false
      },
      {
        "date": "2018/03/30",
        "per": 7.74,
        "pbr": 0.92,
        "is_per_red": false,
        "is_pbr_red": false
      },
      {
        "date": "2019/03/29",
        "per": 5.53,
        "pbr": 0.67,
        "is_per_red": false,
        "is_pbr_red": false
      },
      {
        "date": "2020/03/31",
        "per": 6.55,
        "pbr": 0.64,
        "is_per_red": false,
        "is_pbr_red": false
      },
      {
        "date": "2021/03/31",
        "per": 12.99,
        "pbr": 0.87,
        "is_per_red": false,
        "is_pbr_red": false
      },
      {
        "date": "2022/03/31",
        "per": 8.95,
        "pbr": 1.22,
        "is_per_red": false,
        "is_pbr_red": false
      },
      {
        "date": "2023/03/31",
        "per": 3.27,
        "pbr": 0.6,
        "is_per_red": false,
        "is_pbr_red": false
      },
      {
        "date": "2024/03/29",
        "per": 5.07,
        "pbr": 0.61,
        "is_per_red": false,
        "is_pbr_red": false
      }
    ],
    "daily_data": [],
    "financial_data": [
      {
        "fiscal_year": "2008/03",
        "sales": 21100.0,
        "operating_profit": 3030.0,
        "ordinary_profit": 1190.0,
        "net_profit": 602.0,
        "roa": 9.18,
        "operating_margin": 0.62,
        "cost_ratio": 14.38,
        "sga_ratio": 76.87
      },
      {
        "fiscal_year": "2009/03",
        "sales": 19100.0,
        "operating_profit": 2039.9999999999998,
        "ordinary_profit": 3390.0,
        "net_profit": 1240.0,
        "roa": 20.04,
        "operating_margin": 1.04,
        "cost_ratio": 10.67,
        "sga_ratio": 80.22
      },
      {
        "fiscal_year": "2010/03",
        "sales": 21200.0,
        "operating_profit": 1789.9999999999998,
        "ordinary_profit": -191.0,
        "net_profit": 383.0,
        "roe": 10.64,
        "roa": 5.76,
        "operating_margin": 0.3,
        "cost_ratio": 8.44,
        "sga_ratio": 82.98
      },
      {
        "fiscal_year": "2011/03",
        "sales": 21300.0,
        "operating_profit": 935.0,
        "ordinary_profit": -1710.0000000000002,
        "net_profit": -404.0,
        "eps": -903.9999999999999,
        "roe": -11.22,
        "roa": -1,
        "operating_margin": -1,
        "cost_ratio": 4.39,
        "sga_ratio": 85.82
      },
      {
        "fiscal_year": "2012/03",
        "sales": 21000.0,
        "operating_profit": 1180.0,
        "ordinary_profit": -175.0,
        "net_profit": 507.0,
        "eps": -61.0,
        "roe": 14.07,
        "roa": 9.04,
        "operating_margin": 0.37,
        "cost_ratio": 5.59,
        "sga_ratio": 83.75
      },
      {
        "fiscal_year": "2013/03",
        "sales": 22900.0,
        "operating_profit": 834.0,
        "ordinary_profit": 2770.0,
        "net_profit": 542.0,
        "eps": 2500.0,
        "roe": 15.05,
        "roa": 8.05,
        "operating_margin": 0.4,
        "cost_ratio": 3.64,
        "sga_ratio": 86.54
      },
      {
        "fiscal_year": "2014/03",
        "sales": 28200.0,
        "operating_profit": 2520.0,
        "ordinary_profit": 6859.999999999999,
        "net_profit": 1410.0,
        "eps": 5950.0,
        "roe": 42.77,
        "roa": 15.4,
        "operating_margin": 1.03,
        "cost_ratio": 8.97,
        "sga_ratio": 82.0
      },
      {
        "fiscal_year": "2015/03",
        "sales": 31900.0,
        "operating_profit": 2790.0,
        "ordinary_profit": 5600.0,
        "net_profit": 2450.0,
        "eps": 6950.0,
        "roe": 73.93,
        "roa": 19.51,
        "operating_margin": 1.7,
        "cost_ratio": 8.74,
        "sga_ratio": 81.18
      },
      {
        "fiscal_year": "2016/03",
        "sales": 35500.0,
        "operating_profit": 4440.0,
        "ordinary_profit": 4240.0,
        "net_profit": 1060.0,
        "eps": 3130.0,
        "roe": 32.16,
        "roa": 8.2,
        "operating_margin": 0.72,
        "cost_ratio": 12.51,
        "sga_ratio": 77.71
      },
      {
        "fiscal_year": "2017/03",
        "sales": 37400.0,
        "operating_profit": 5870.0,
        "ordinary_profit": 4320.0,
        "net_profit": 1160.0,
        "eps": 1610.0000000000002,
        "roe": 35.35,
        "roa": 8.33,
        "operating_margin": 0.85,
        "cost_ratio": 15.68,
        "sga_ratio": 74.54
      },
      {
        "fiscal_year": "2018/03",
        "sales": 41800.0,
        "operating_profit": 5590.0,
        "ordinary_profit": 4100.0,
        "net_profit": 1810.0000000000002,
        "eps": 3220.0000000000005,
        "roe": 55.29,
        "roa": 11.86,
        "operating_margin": 1.22,
        "cost_ratio": 13.39,
        "sga_ratio": 77.56
      },
      {
        "fiscal_year": "2019/03",
        "sales": 42600.0,
        "operating_profit": 4930.0,
        "ordinary_profit": 4050.0,
        "net_profit": 2050.0,
        "eps": 3220.0000000000005,
        "roe": 62.61,
        "roa": 12.16,
        "operating_margin": 1.27,
        "cost_ratio": 11.57,
        "sga_ratio": 78.69
      },
      {
        "fiscal_year": "2020/03",
        "sales": 43900.0,
        "operating_profit": 5440.0,
        "ordinary_profit": 4260.0,
        "net_profit": 1720.0,
        "eps": 2220.0,
        "roe": 52.53,
        "roa": 9.74,
        "operating_margin": 1.01,
        "cost_ratio": 12.41,
        "sga_ratio": 77.97
      },
      {
        "fiscal_year": "2021/03",
        "sales": 40200.0,
        "operating_profit": 2080.0,
        "ordinary_profit": 2620.0,
        "net_profit": 1250.0,
        "eps": 1430.0,
        "roe": 37.95,
        "roa": 6.54,
        "operating_margin": 0.61,
        "cost_ratio": 5.18,
        "sga_ratio": 84.67
      },
      {
        "fiscal_year": "2022/03",
        "sales": 45800.0,
        "operating_profit": 4400.0,
        "ordinary_profit": 4350.0,
        "net_profit": 3279.9999999999995,
        "eps": 9040.0,
        "roe": 97.82,
        "roa": 13.67,
        "operating_margin": 1.38,
        "cost_ratio": 9.61,
        "sga_ratio": 81.51
      },
      {
        "fiscal_year": "2023/03",
        "sales": 58100.0,
        "operating_profit": 8760.0,
        "ordinary_profit": 6440.000000000001,
        "net_profit": 6440.000000000001,
        "eps": 21100.0,
        "roe": 190.17,
        "roa": 18.23,
        "operating_margin": 2.34,
        "cost_ratio": 15.1,
        "sga_ratio": 77.33
      },
      {
        "fiscal_year": "2024/03",
        "sales": 65000.0,
        "operating_profit": 11400.0,
        "ordinary_profit": 5840.0,
        "net_profit": 5190.0,
        "eps": 15500.0,
        "roe": 153.53,
        "roa": 12.13,
        "operating_margin": 1.88,
        "cost_ratio": 17.53,
        "sga_ratio": 74.82
      },
      {
        "fiscal_year": "2025/03",
        "sales": 61400.0,
        "operating_profit": 9700.0,
        "ordinary_profit": 8000.0,
        "net_profit": 3800.0,
        "roe": 112.25,
        "roa": 8.13,
        "operating_margin": 1.27,
        "cost_ratio": 15.8
      }
    ],
    "dividend_data": [
      {
        "fiscal_year": "2010/03",
        "total_dividend": 1.03
      },
      {
        "fiscal_year": "2011/03",
        "total_dividend": 2.29
      },
      {
        "fiscal_year": "2012/03",
        "total_dividend": 1.4
      },
      {
        "fiscal_year": "2013/03",
        "total_dividend": 1.05
      }
    ]
  },
  {
    "code": 9119,
    "name": "飯野海運",
    "annual_data": [
      {
        "date": "2010/03/31",
        "per": 384.57,
        "pbr": 1.32,
        "is_per_red": false,
        "is_pbr_red": false
      },
      {
        "date": "2011/03/31",
        "per": 76.91,
        "pbr": 0.96,
        "is_per_red": false,
        "is_pbr_red": false
      },
      {
        "date": "2012/03/30",
        "per": -1,
        "pbr": 0.92,
        "is_per_red": true,
        "is_pbr_red": false
      },
      {
        "date": "2013/03/29",
        "per": 65.9,
        "pbr": 1.64,
        "is_per_red": false,
        "is_pbr_red": false
      },
      {
        "date": "2014/03/31",
        "per": 11.3,
        "pbr": 0.98,
        "is_per_red": false,
        "is_pbr_red": false
      },
      {
        "date": "2015/03/31",
        "per": 13.54,
        "pbr": 1.07,
        "is_per_red": false,
        "is_pbr_red": false
      },
      {
        "date": "2016/03/31",
        "per": 13.56,
        "pbr": 0.76,
        "is_per_red": false,
        "is_pbr_red": false
      },
      {
        "date": "2017/03/31",
        "per": 13.91,
        "pbr": 0.79,
        "is_per_red": false,
        "is_pbr_red": false
      },
      {
        "date": "2018/03/30",
        "per": 13.21,
        "pbr": 0.78,
        "is_per_red": false,
        "is_pbr_red": false
      },
      {
        "date": "2019/03/29",
        "per": 8.42,
        "pbr": 0.54,
        "is_per_red": false,
        "is_pbr_red": false
      },
      {
        "date": "2020/03/31",
        "per": 8.66,
        "pbr": 0.45,
        "is_per_red": false,
        "is_pbr_red": false
      },
      {
        "date": "2021/03/31",
        "per": 7.33,
        "pbr": 0.7,
        "is_per_red": false,
        "is_pbr_red": false
      },
      {
        "date": "2022/03/31",
        "per": 6.98,
        "pbr": 0.96,
        "is_per_red": false,
        "is_pbr_red": false
      },
      {
        "date": "2023/03/31",
        "per": 4.54,
        "pbr": 0.96,
        "is_per_red": false,
        "is_pbr_red": false
      },
      {
        "date": "2024/03/29",
        "per": 6.57,
        "pbr": 0.98,
        "is_per_red": false,
        "is_pbr_red": false
      }
    ],
    "daily_data": [],
    "financial_data": [
      {
        "fiscal_year": "2008/03",
        "sales": 95100.0,
        "operating_profit": 16500.0,
        "ordinary_profit": 16100.0,
        "net_profit": 5520.0,
        "roa": 10.56,
        "operating_margin": 3.13,
        "cost_ratio": 17.38,
        "sga_ratio": 75.8
      },
      {
        "fiscal_year": "2009/03",
        "sales": 94500.0,
        "operating_profit": 11900.0,
        "ordinary_profit": 11300.0,
        "net_profit": 5610.0,
        "roa": 10.56,
        "operating_margin": 3.19,
        "cost_ratio": 12.62,
        "sga_ratio": 79.93
      },
      {
        "fiscal_year": "2010/03",
        "sales": 77000.0,
        "operating_profit": 4090.0,
        "ordinary_profit": 2230.0,
        "net_profit": 180.0,
        "roe": 1.62,
        "roa": 0.34,
        "operating_margin": 0.1,
        "cost_ratio": 5.3,
        "sga_ratio": 86.24
      },
      {
        "fiscal_year": "2011/03",
        "sales": 74500.0,
        "operating_profit": 2390.0,
        "ordinary_profit": 1060.0,
        "net_profit": 654.0,
        "eps": 1220.0,
        "roe": 5.89,
        "roa": 1.25,
        "operating_margin": 0.35,
        "cost_ratio": 3.21,
        "sga_ratio": 88.4
      },
      {
        "fiscal_year": "2012/03",
        "sales": 78000.0,
        "operating_profit": 1590.0,
        "ordinary_profit": -463.99999999999994,
        "net_profit": -4290.0,
        "eps": -4260.0,
        "roe": -38.66,
        "roa": -1,
        "operating_margin": -1,
        "cost_ratio": 2.04,
        "sga_ratio": 89.77
      },
      {
        "fiscal_year": "2013/03",
        "sales": 86000.0,
        "operating_profit": 4880.0,
        "ordinary_profit": 2260.0,
        "net_profit": 1170.0,
        "eps": 1650.0,
        "roe": 10.5,
        "roa": 2.49,
        "operating_margin": 0.55,
        "cost_ratio": 5.67,
        "sga_ratio": 87.46
      },
      {
        "fiscal_year": "2014/03",
        "sales": 96700.0,
        "operating_profit": 6850.0,
        "ordinary_profit": 5950.0,
        "net_profit": 4920.0,
        "eps": 6050.0,
        "roe": 45.77,
        "roa": 8.44,
        "operating_margin": 2.18,
        "cost_ratio": 7.08,
        "sga_ratio": 86.47
      },
      {
        "fiscal_year": "2015/03",
        "sales": 100200.0,
        "operating_profit": 7990.000000000001,
        "ordinary_profit": 7190.000000000001,
        "net_profit": 5210.0,
        "eps": 8450.0,
        "roe": 46.98,
        "roa": 7.91,
        "operating_margin": 2.28,
        "cost_ratio": 7.97,
        "sga_ratio": 85.65
      },
      {
        "fiscal_year": "2016/03",
        "sales": 94800.0,
        "operating_profit": 8120.0,
        "ordinary_profit": 7659.999999999999,
        "net_profit": 3660.0,
        "eps": 497.0,
        "roe": 32.97,
        "roa": 5.61,
        "operating_margin": 1.59,
        "cost_ratio": 8.56,
        "sga_ratio": 84.32
      },
      {
        "fiscal_year": "2017/03",
        "sales": 83300.0,
        "operating_profit": 6590.000000000001,
        "ordinary_profit": 5110.0,
        "net_profit": 3890.0,
        "eps": 4610.0,
        "roe": 35.01,
        "roa": 5.65,
        "operating_margin": 1.9,
        "cost_ratio": 7.91,
        "sga_ratio": 83.87
      },
      {
        "fiscal_year": "2018/03",
        "sales": 81300.0,
        "operating_profit": 5650.0,
        "ordinary_profit": 4630.0,
        "net_profit": 4240.0,
        "eps": 4780.0,
        "roe": 38.53,
        "roa": 6.14,
        "operating_margin": 2.02,
        "cost_ratio": 6.95,
        "sga_ratio": 84.61
      },
      {
        "fiscal_year": "2019/03",
        "sales": 84800.0,
        "operating_profit": 4780.0,
        "ordinary_profit": 4700.0,
        "net_profit": 4690.0,
        "eps": 4810.0,
        "roe": 44.28,
        "roa": 6.42,
        "operating_margin": 2.11,
        "cost_ratio": 5.64,
        "sga_ratio": 86.23
      },
      {
        "fiscal_year": "2020/03",
        "sales": 89200.0,
        "operating_profit": 3979.9999999999995,
        "ordinary_profit": 3460.0,
        "net_profit": 3790.0,
        "eps": 1939.9999999999998,
        "roe": 35.8,
        "roa": 5.17,
        "operating_margin": 1.64,
        "cost_ratio": 4.46,
        "sga_ratio": 87.55
      },
      {
        "fiscal_year": "2021/03",
        "sales": 88900.0,
        "operating_profit": 6830.0,
        "ordinary_profit": 6809.999999999999,
        "net_profit": 7659.999999999999,
        "eps": 7780.0,
        "roe": 72.35,
        "roa": 9.6,
        "operating_margin": 3.12,
        "cost_ratio": 7.68,
        "sga_ratio": 85.01
      },
      {
        "fiscal_year": "2022/03",
        "sales": 104100.0,
        "operating_profit": 7520.0,
        "ordinary_profit": 9430.0,
        "net_profit": 12500.0,
        "eps": 14500.0,
        "roe": 118.39,
        "roa": 13.72,
        "operating_margin": 5.07,
        "cost_ratio": 7.23,
        "sga_ratio": 85.64
      },
      {
        "fiscal_year": "2023/03",
        "sales": 141300.0,
        "operating_profit": 20000.0,
        "ordinary_profit": 20900.0,
        "net_profit": 23400.0,
        "eps": 25500.0,
        "roe": 220.95,
        "roa": 21.15,
        "operating_margin": 8.81,
        "cost_ratio": 14.16,
        "sga_ratio": 79.54
      },
      {
        "fiscal_year": "2024/03",
        "sales": 138000.0,
        "operating_profit": 19100.0,
        "ordinary_profit": 21800.0,
        "net_profit": 19700.0,
        "eps": 28200.0,
        "roe": 186.62,
        "roa": 14.95,
        "operating_margin": 6.73,
        "cost_ratio": 13.82,
        "sga_ratio": 78.77
      },
      {
        "fiscal_year": "2025/03",
        "sales": 146000.0,
        "operating_profit": 17400.0,
        "ordinary_profit": 16900.0,
        "net_profit": 17200.0,
        "roe": 162.57,
        "roa": 12.54,
        "operating_margin": 5.94,
        "cost_ratio": 11.92
      }
    ],
    "dividend_data": [
      {
        "fiscal_year": "2010/03",
        "total_dividend": 12.0,
        "dividend_yield": 1.93
      },
      {
        "fiscal_year": "2011/03",
        "total_dividend": 6.0,
        "dividend_yield": 1.32
      },
      {
        "fiscal_year": "2012/03",
        "total_dividend": 2.0,
        "dividend_yield": 0.53
      },
      {
        "fiscal_year": "2013/03",
        "total_dividend": 4.0,
        "dividend_yield": 0.58
      }
    ]
  },
  {
    "code": 9127,
    "name": "玉井商船",
    "annual_data": [
      {
        "date": "2010/03/31",
        "per": 46.01,
        "pbr": 0.67,
        "is_per_red": false,
        "is_pbr_red": false
      },
      {
        "date": "2011/03/31",
        "per": 9.46,
        "pbr": 0.54,
        "is_per_red": false,
        "is_pbr_red": false
      },
      {
        "date": "2012/03/30",
        "per": 3.97,
        "pbr": 0.48,
        "is_per_red": false,
        "is_pbr_red": false
      },
      {
        "date": "2013/03/29",
        "per": -1,
        "pbr": 0.42,
        "is_per_red": true,
        "is_pbr_red": false
      },
      {
        "date": "2014/03/31",
        "per": 5.42,
        "pbr": 0.51,
        "is_per_red": false,
        "is_pbr_red": false
      },
      {
        "date": "2015/03/31",
        "per": 3.87,
        "pbr": 0.53,
        "is_per_red": false,
        "is_pbr_red": false
      },
      {
        "date": "2016/03/31",
        "per": -1,
        "pbr": 0.35,
        "is_per_red": true,
        "is_pbr_red": false
      },
      {
        "date": "2017/03/31",
        "per": -1,
        "pbr": 0.44,
        "is_per_red": true,
        "is_pbr_red": false
      },
      {
        "date": "2018/03/30",
        "per": -1,
        "pbr": 0.53,
        "is_per_red": true,
        "is_pbr_red": false
      },
      {
        "date": "2019/03/29",
        "per": 2.09,
        "pbr": 0.35,
        "is_per_red": false,
        "is_pbr_red": false
      },
      {
        "date": "2020/03/31",
        "per": -1,
        "pbr": 0.2,
        "is_per_red": true,
        "is_pbr_red": false
      },
      {
        "date": "2021/03/31",
        "per": -1,
        "pbr": 0.34,
        "is_per_red": true,
        "is_pbr_red": false
      },
      {
        "date": "2022/03/31",
        "per": 2.75,
        "pbr": 0.57,
        "is_per_red": false,
        "is_pbr_red": false
      },
      {
        "date": "2023/03/31",
        "per": 3.46,
        "pbr": 0.44,
        "is_per_red": false,
        "is_pbr_red": false
      },
      {
        "date": "2024/03/29",
        "per": 4.98,
        "pbr": 0.5,
        "is_per_red": false,
        "is_pbr_red": false
      }
    ],
    "daily_data": [],
    "financial_data": [],
    "dividend_data": [
      {
        "fiscal_year": "2010/03",
        "total_dividend": 2.05
      },
      {
        "fiscal_year": "2011/03",
        "total_dividend": 2.44
      },
      {
        "fiscal_year": "2012/03",
        "total_dividend": 2.48
      },
      {
        "fiscal_year": "2013/03",
        "total_dividend": 0.0
      }
    ]
  },
  {
    "code": 9130,
    "name": "共栄タンカー",
    "annual_data": [
      {
        "date": "2010/03/31",
        "per": 42.96,
        "pbr": 0.91,
        "is_per_red": false,
        "is_pbr_red": false
      },
      {
        "date": "2011/03/31",
        "per": 101.28,
        "pbr": 0.76,
        "is_per_red": false,
        "is_pbr_red": false
      },
      {
        "date": "2012/03/30",
        "per": -1,
        "pbr": 1.22,
        "is_per_red": true,
        "is_pbr_red": false
      },
      {
        "date": "2013/03/29",
        "per": 442.11,
        "pbr": 1.26,
        "is_per_red": false,
        "is_pbr_red": false
      },
      {
        "date": "2014/03/31",
        "per": 18.62,
        "pbr": 1.06,
        "is_per_red": false,
        "is_pbr_red": false
      },
      {
        "date": "2015/03/31",
        "per": 8.14,
        "pbr": 1.01,
        "is_per_red": false,
        "is_pbr_red": false
      },
      {
        "date": "2016/03/31",
        "per": 4.68,
        "pbr": 0.57,
        "is_per_red": false,
        "is_pbr_red": false
      },
      {
        "date": "2017/03/31",
        "per": 56.12,
        "pbr": 0.94,
        "is_per_red": false,
        "is_pbr_red": false
      },
      {
        "date": "2018/03/30",
        "per": 9.03,
        "pbr": 0.71,
        "is_per_red": false,
        "is_pbr_red": false
      },
      {
        "date": "2019/03/29",
        "per": 5.02,
        "pbr": 0.49,
        "is_per_red": false,
        "is_pbr_red": false
      },
      {
        "date": "2020/03/31",
        "per": 3.04,
        "pbr": 0.47,
        "is_per_red": false,
        "is_pbr_red": false
      },
      {
        "date": "2021/03/31",
        "per": 47.8,
        "pbr": 0.56,
        "is_per_red": false,
        "is_pbr_red": false
      },
      {
        "date": "2022/03/31",
        "per": 10.4,
        "pbr": 0.61,
        "is_per_red": false,
        "is_pbr_red": false
      },
      {
        "date": "2023/03/31",
        "per": 8.03,
        "pbr": 0.39,
        "is_per_red": false,
        "is_pbr_red": false
      },
      {
        "date": "2024/03/29",
        "per": 57.43,
        "pbr": 0.43,
        "is_per_red": false,
        "is_pbr_red": false
      }
    ],
    "daily_data": [],
    "financial_data": [],
    "dividend_data": [
      {
        "fiscal_year": "2010/03",
        "total_dividend": 4.0,
        "dividend_yield": 2.0
      },
      {
        "fiscal_year": "2011/03",
        "total_dividend": 4.0,
        "dividend_yield": 2.0
      },
      {
        "fiscal_year": "2013/03",
        "total_dividend": 0.0,
        "dividend_yield": 0.0
      }
    ]
  },
  {
    "code": 9171,
    "name": "栗林商船",
    "annual_data": [
      {
        "date": "2010/03/29",
        "per": -1,
        "pbr": 0.28,
        "is_per_red": true,
        "is_pbr_red": false
      },
      {
        "date": "2011/03/31",
        "per": -1,
        "pbr": 0.3,
        "is_per_red": true,
        "is_pbr_red": false
      },
      {
        "date": "2012/03/30",
        "per": -1,
        "pbr": 0.34,
        "is_per_red": true,
        "is_pbr_red": false
      },
      {
        "date": "2013/03/29",
        "per": 3.16,
        "pbr": 0.39,
        "is_per_red": false,
        "is_pbr_red": false
      },
      {
        "date": "2014/03/31",
        "per": 5.2,
        "pbr": 0.38,
        "is_per_red": false,
        "is_pbr_red": false
      },
      {
        "date": "2015/03/31",
        "per": 3.44,
        "pbr": 0.38,
        "is_per_red": false,
        "is_pbr_red": false
      },
      {
        "date": "2016/03/29",
        "per": 3.5,
        "pbr": 0.29,
        "is_per_red": false,
        "is_pbr_red": false
      },
      {
        "date": "2017/03/31",
        "per": 6.35,
        "pbr": 0.39,
        "is_per_red": false,
        "is_pbr_red": false
      },
      {
        "date": "2018/03/30",
        "per": 5.13,
        "pbr": 0.45,
        "is_per_red": false,
        "is_pbr_red": false
      },
      {
        "date": "2019/03/29",
        "per": 3.3,
        "pbr": 0.3,
        "is_per_red": false,
        "is_pbr_red": false
      },
      {
        "date": "2020/03/31",
        "per": 9.09,
        "pbr": 0.22,
        "is_per_red": false,
        "is_pbr_red": false
      },
      {
        "date": "2021/03/31",
        "per": 7.17,
        "pbr": 0.25,
        "is_per_red": false,
        "is_pbr_red": false
      },
      {
        "date": "2022/03/31",
        "per": 63.88,
        "pbr": 0.29,
        "is_per_red": false,
        "is_pbr_red": false
      },
      {
        "date": "2023/03/31",
        "per": 3.88,
        "pbr": 0.33,
        "is_per_red": false,
        "is_pbr_red": false
      },
      {
        "date": "2024/03/29",
        "per": 10.86,
        "pbr": 0.69,
        "is_per_red": false,
        "is_pbr_red": false
      }
    ],
    "daily_data": [],
    "financial_data": [
      {
        "fiscal_year": "2008/03",
        "sales": 51100.0,
        "operating_profit": 1500.0,
        "ordinary_profit": 1210.0,
        "net_profit": 386.0,
        "roa": 3.4,
        "operating_margin": 0.68,
        "cost_ratio": 2.93,
        "sga_ratio": 84.52
      },
      {
        "fiscal_year": "2009/03",
        "sales": 49800.0,
        "operating_profit": 1430.0,
        "ordinary_profit": 1140.0,
        "net_profit": 356.0,
        "roa": 3.77,
        "operating_margin": 0.7,
        "cost_ratio": 2.87,
        "sga_ratio": 84.58
      },
      {
        "fiscal_year": "2010/03",
        "sales": 42500.0,
        "operating_profit": 243.00000000000003,
        "ordinary_profit": 26.0,
        "net_profit": -558.0,
        "roe": -43.82,
        "roa": -1,
        "operating_margin": -1,
        "cost_ratio": 0.57,
        "sga_ratio": 85.39
      },
      {
        "fiscal_year": "2011/03",
        "sales": 42100.0,
        "operating_profit": 1100.0,
        "ordinary_profit": 910.0,
        "net_profit": -337.0,
        "eps": -1300.0,
        "roe": -26.47,
        "roa": -1,
        "operating_margin": -1,
        "cost_ratio": 2.61,
        "sga_ratio": 83.56
      },
      {
        "fiscal_year": "2012/03",
        "sales": 41900.0,
        "operating_profit": 269.0,
        "ordinary_profit": 243.00000000000003,
        "net_profit": -109.00000000000001,
        "eps": 20.0,
        "roe": -8.54,
        "roa": -1,
        "operating_margin": -1,
        "cost_ratio": 0.64,
        "sga_ratio": 85.83
      },
      {
        "fiscal_year": "2013/03",
        "sales": 43800.0,
        "operating_profit": 395.0,
        "ordinary_profit": 330.0,
        "net_profit": 1090.0,
        "eps": 1380.0,
        "roe": 85.75,
        "roa": 12.28,
        "operating_margin": 2.33,
        "cost_ratio": 0.9,
        "sga_ratio": 85.72
      },
      {
        "fiscal_year": "2014/03",
        "sales": 47300.0,
        "operating_profit": 1310.0,
        "ordinary_profit": 1290.0,
        "net_profit": 746.0,
        "eps": 1570.0,
        "roe": 59.24,
        "roa": 7.28,
        "operating_margin": 1.47,
        "cost_ratio": 2.78,
        "sga_ratio": 84.51
      },
      {
        "fiscal_year": "2015/03",
        "sales": 46900.0,
        "operating_profit": 1950.0,
        "ordinary_profit": 1860.0000000000002,
        "net_profit": 1410.0,
        "eps": 2670.0,
        "roe": 111.63,
        "roa": 11.16,
        "operating_margin": 2.59,
        "cost_ratio": 4.15,
        "sga_ratio": 82.86
      },
      {
        "fiscal_year": "2016/03",
        "sales": 44400.0,
        "operating_profit": 1800.0,
        "ordinary_profit": 1780.0,
        "net_profit": 1100.0,
        "eps": 692.0,
        "roe": 87.71,
        "roa": 8.43,
        "operating_margin": 2.04,
        "cost_ratio": 4.05,
        "sga_ratio": 81.74
      },
      {
        "fiscal_year": "2017/03",
        "sales": 44400.0,
        "operating_profit": 2320.0,
        "ordinary_profit": 2370.0,
        "net_profit": 911.0,
        "eps": 1910.0000000000002,
        "roe": 72.31,
        "roa": 6.21,
        "operating_margin": 1.72,
        "cost_ratio": 5.23,
        "sga_ratio": 80.34
      },
      {
        "fiscal_year": "2018/03",
        "sales": 46000.0,
        "operating_profit": 1889.9999999999998,
        "ordinary_profit": 2010.0000000000002,
        "net_profit": 1530.0,
        "eps": 2760.0,
        "roe": 121.48,
        "roa": 8.85,
        "operating_margin": 2.78,
        "cost_ratio": 4.11,
        "sga_ratio": 81.55
      },
      {
        "fiscal_year": "2019/03",
        "sales": 47600.0,
        "operating_profit": 1720.0,
        "ordinary_profit": 1930.0,
        "net_profit": 1639.9999999999998,
        "eps": 1110.0,
        "roe": 130.11,
        "roa": 8.98,
        "operating_margin": 2.88,
        "cost_ratio": 3.62,
        "sga_ratio": 82.48
      },
      {
        "fiscal_year": "2020/03",
        "sales": 46000.0,
        "operating_profit": 438.0,
        "ordinary_profit": 685.0,
        "net_profit": 430.99999999999994,
        "eps": -631.0,
        "roe": 34.12,
        "roa": 2.46,
        "operating_margin": 0.67,
        "cost_ratio": 0.95,
        "sga_ratio": 84.15
      },
      {
        "fiscal_year": "2021/03",
        "sales": 41500.0,
        "operating_profit": -41.0,
        "ordinary_profit": 305.0,
        "net_profit": 671.0,
        "eps": 2070.0,
        "roe": 53.0,
        "roa": 3.45,
        "operating_margin": 0.97,
        "cost_ratio": -0.1,
        "sga_ratio": 85.33
      },
      {
        "fiscal_year": "2022/03",
        "sales": 45300.0,
        "operating_profit": 104.0,
        "ordinary_profit": 631.0,
        "net_profit": 91.0,
        "eps": 687.0,
        "roe": 7.17,
        "roa": 0.45,
        "operating_margin": 0.13,
        "cost_ratio": 0.23,
        "sga_ratio": 84.79
      },
      {
        "fiscal_year": "2023/03",
        "sales": 49900.0,
        "operating_profit": 2060.0,
        "ordinary_profit": 2430.0,
        "net_profit": 1839.9999999999998,
        "eps": 1550.0,
        "roe": 144.33,
        "roa": 8.55,
        "operating_margin": 2.6,
        "cost_ratio": 4.13,
        "sga_ratio": 81.23
      },
      {
        "fiscal_year": "2024/03",
        "sales": 48900.0,
        "operating_profit": 1530.0,
        "ordinary_profit": 2060.0,
        "net_profit": 1670.0,
        "eps": 5460.0,
        "roe": 131.83,
        "roa": 6.33,
        "operating_margin": 2.15,
        "cost_ratio": 3.14,
        "sga_ratio": 80.67
      },
      {
        "fiscal_year": "2025/03",
        "sales": 51000.0,
        "operating_profit": 1800.0,
        "ordinary_profit": 2400.0,
        "net_profit": 1400.0,
        "roe": 111.29,
        "roa": 4.98,
        "operating_margin": 1.78,
        "cost_ratio": 3.53
      }
    ],
    "dividend_data": [
      {
        "fiscal_year": "2010/03",
        "total_dividend": 2.49
      },
      {
        "fiscal_year": "2011/03",
        "total_dividend": 2.72
      },
      {
        "fiscal_year": "2012/03",
        "total_dividend": 2.46
      },
      {
        "fiscal_year": "2013/03",
        "total_dividend": 1.85
      }
    ]
  },
  {
    "code": 9173,
    "name": "東海汽船",
    "annual_data": [
      {
        "date": "2009/12/30",
        "per": 14.52,
        "pbr": 1.25,
        "is_per_red": false,
        "is_pbr_red": false
      },
      {
        "date": "2010/12/30",
        "per": 14.61,
        "pbr": 1.14,
        "is_per_red": false,
        "is_pbr_red": false
      },
      {
        "date": "2011/12/30",
        "per": 24.45,
        "pbr": 1.04,
        "is_per_red": false,
        "is_pbr_red": false
      },
      {
        "date": "2012/12/28",
        "per": 5.74,
        "pbr": 0.95,
        "is_per_red": false,
        "is_pbr_red": false
      },
      {
        "date": "2013/12/30",
        "per": 19.3,
        "pbr": 1.03,
        "is_per_red": false,
        "is_pbr_red": false
      },
      {
        "date": "2014/12/30",
        "per": 10.74,
        "pbr": 1.07,
        "is_per_red": false,
        "is_pbr_red": false
      },
      {
        "date": "2015/12/30",
        "per": 17.76,
        "pbr": 0.97,
        "is_per_red": false,
        "is_pbr_red": false
      },
      {
        "date": "2016/12/30",
        "per": 12.35,
        "pbr": 0.92,
        "is_per_red": false,
        "is_pbr_red": false
      },
      {
        "date": "2017/12/29",
        "per": 12.3,
        "pbr": 0.94,
        "is_per_red": false,
        "is_pbr_red": false
      },
      {
        "date": "2018/12/28",
        "per": 33.76,
        "pbr": 0.96,
        "is_per_red": false,
        "is_pbr_red": false
      },
      {
        "date": "2019/12/30",
        "per": 220.44,
        "pbr": 1.05,
        "is_per_red": false,
        "is_pbr_red": false
      },
      {
        "date": "2020/12/30",
        "per": -1,
        "pbr": 1.06,
        "is_per_red": true,
        "is_pbr_red": false
      },
      {
        "date": "2021/12/30",
        "per": -1,
        "pbr": 1.1,
        "is_per_red": true,
        "is_pbr_red": false
      },
      {
        "date": "2022/12/30",
        "per": 28.9,
        "pbr": 1.07,
        "is_per_red": false,
        "is_pbr_red": false
      },
      {
        "date": "2023/12/29",
        "per": -1,
        "pbr": 1.25,
        "is_per_red": true,
        "is_pbr_red": false
      }
    ],
    "daily_data": [],
    "financial_data": [
      {
        "fiscal_year": "2008/12",
        "sales": 12000.0,
        "operating_profit": 88.0,
        "ordinary_profit": 89.0,
        "net_profit": 32.0,
        "roa": 1.31,
        "operating_margin": 0.4,
        "cost_ratio": 0.73
      },
      {
        "fiscal_year": "2009/12",
        "sales": 10700.0,
        "operating_profit": 287.0,
        "ordinary_profit": 333.0,
        "net_profit": 229.0,
        "roe": 10.4,
        "roa": 8.63,
        "operating_margin": 3.03,
        "cost_ratio": 2.69,
        "sga_ratio": 85.06
      },
      {
        "fiscal_year": "2010/12",
        "sales": 10800.0,
        "operating_profit": 447.0,
        "ordinary_profit": 462.0,
        "net_profit": 226.0,
        "roe": 10.27,
        "roa": 7.82,
        "operating_margin": 3.02,
        "cost_ratio": 4.15,
        "sga_ratio": 83.87
      },
      {
        "fiscal_year": "2011/12",
        "sales": 11000.0,
        "operating_profit": 465.0,
        "ordinary_profit": 488.99999999999994,
        "net_profit": 130.0,
        "eps": 187.0,
        "roe": 5.89,
        "roa": 4.24,
        "operating_margin": 1.74,
        "cost_ratio": 4.24,
        "sga_ratio": 84.37
      },
      {
        "fiscal_year": "2012/12",
        "sales": 11500.0,
        "operating_profit": 923.0,
        "ordinary_profit": 1000.0,
        "net_profit": 605.0,
        "eps": 625.0,
        "roe": 27.52,
        "roa": 16.52,
        "operating_margin": 6.64,
        "cost_ratio": 8.02,
        "sga_ratio": 80.93
      },
      {
        "fiscal_year": "2013/12",
        "sales": 11700.0,
        "operating_profit": 491.0,
        "ordinary_profit": 408.0,
        "net_profit": 206.0,
        "eps": 270.0,
        "roe": 9.38,
        "roa": 5.33,
        "operating_margin": 1.56,
        "cost_ratio": 4.21,
        "sga_ratio": 84.52
      },
      {
        "fiscal_year": "2014/12",
        "sales": 11900.0,
        "operating_profit": 588.0,
        "ordinary_profit": 669.0,
        "net_profit": 415.0,
        "eps": 480.0,
        "roe": 18.91,
        "roa": 10.0,
        "operating_margin": 2.81,
        "cost_ratio": 4.92,
        "sga_ratio": 83.65
      },
      {
        "fiscal_year": "2015/12",
        "sales": 11300.0,
        "operating_profit": 294.0,
        "ordinary_profit": 320.0,
        "net_profit": 247.0,
        "eps": 407.0,
        "roe": 11.26,
        "roa": 5.48,
        "operating_margin": 1.78,
        "cost_ratio": 2.61,
        "sga_ratio": 85.07
      },
      {
        "fiscal_year": "2016/12",
        "sales": 11200.0,
        "operating_profit": 414.0,
        "ordinary_profit": 480.99999999999994,
        "net_profit": 354.0,
        "eps": 308.0,
        "roe": 16.11,
        "roa": 7.41,
        "operating_margin": 2.65,
        "cost_ratio": 3.71,
        "sga_ratio": 84.23
      },
      {
        "fiscal_year": "2017/12",
        "sales": 11400.0,
        "operating_profit": 523.0,
        "ordinary_profit": 554.0,
        "net_profit": 394.0,
        "eps": 432.0,
        "roe": 179.4,
        "roa": 7.64,
        "operating_margin": 2.73,
        "cost_ratio": 4.57,
        "sga_ratio": 83.43
      },
      {
        "fiscal_year": "2018/12",
        "sales": 11500.0,
        "operating_profit": 131.0,
        "ordinary_profit": 177.0,
        "net_profit": 148.0,
        "eps": 94.0,
        "roe": 67.56,
        "roa": 2.84,
        "operating_margin": 0.93,
        "cost_ratio": 1.15,
        "sga_ratio": 87.28
      },
      {
        "fiscal_year": "2019/12",
        "sales": 11100.0,
        "operating_profit": -74.0,
        "ordinary_profit": 4.0,
        "net_profit": 25.0,
        "eps": 1.7,
        "roe": 11.35,
        "roa": 0.48,
        "operating_margin": 0.12,
        "cost_ratio": -0.67,
        "sga_ratio": 88.44
      },
      {
        "fiscal_year": "2020/12",
        "sales": 8970.0,
        "operating_profit": -416.0,
        "ordinary_profit": -322.0,
        "net_profit": -328.0,
        "eps": -412.0,
        "roe": -149.54,
        "roa": -1,
        "operating_margin": -1,
        "cost_ratio": -4.63,
        "sga_ratio": 91.59
      },
      {
        "fiscal_year": "2021/12",
        "sales": 10800.0,
        "operating_profit": 198.0,
        "ordinary_profit": 235.0,
        "net_profit": -78.0,
        "eps": 62.0,
        "roe": -35.66,
        "roa": -1,
        "operating_margin": -1,
        "cost_ratio": 1.83,
        "sga_ratio": 87.25
      },
      {
        "fiscal_year": "2022/12",
        "sales": 13900.0,
        "operating_profit": 452.0,
        "ordinary_profit": 299.0,
        "net_profit": 181.0,
        "eps": 222.0,
        "roe": 82.36,
        "roa": 3.7,
        "operating_margin": 0.76,
        "cost_ratio": 3.25,
        "sga_ratio": 86.25
      },
      {
        "fiscal_year": "2023/12",
        "sales": 13200.0,
        "operating_profit": -630.0,
        "ordinary_profit": -580.0,
        "net_profit": -581.0,
        "eps": -462.0,
        "roe": -264.56,
        "roa": -1,
        "operating_margin": -1,
        "cost_ratio": -4.78,
        "sga_ratio": 94.28
      },
      {
        "fiscal_year": "2024/12",
        "sales": 14600.0,
        "operating_profit": 480.0,
        "ordinary_profit": 450.0,
        "net_profit": 220.0,
        "roe": 100.0,
        "roa": 4.62,
        "operating_margin": 0.96,
        "cost_ratio": 3.29
      }
    ],
    "dividend_data": [
      {
        "fiscal_year": "2012/03",
        "total_dividend": 1.27
      },
      {
        "fiscal_year": "2013/03",
        "total_dividend": 1.1
      },
      {
        "fiscal_year": "2014/03",
        "total_dividend": 0.99
      },
      {
        "fiscal_year": "2015/03",
        "total_dividend": 1.0
      },
      {
        "fiscal_year": "2016/03",
        "total_dividend": 1.01
      },
      {
        "fiscal_year": "2017/03",
        "total_dividend": 0.91
      },
      {
        "fiscal_year": "2018/03",
        "total_dividend": 0.88
      },
      {
        "fiscal_year": "2019/03",
        "total_dividend": 0.8
      },
      {
        "fiscal_year": "2020/03",
        "total_dividend": 0.0
      },
      {
        "fiscal_year": "2021/03",
        "total_dividend": 0.0
      },
      {
        "fiscal_year": "2022/03",
        "total_dividend": 0.0
      },
      {
        "fiscal_year": "2023/03",
        "total_dividend": 0.0
      }
    ]
  },
  {
    "code": 9308,
    "name": "乾汽船",
    "annual_data": [
      {
        "date": "2010/03/31",
        "per": -1,
        "pbr": 0.58,
        "is_per_red": true,
        "is_pbr_red": false
      },
      {
        "date": "2011/03/31",
        "per": -1,
        "pbr": 0.59,
        "is_per_red": true,
        "is_pbr_red": false
      },
      {
        "date": "2012/03/30",
        "per": 22.3,
        "pbr": 0.55,
        "is_per_red": false,
        "is_pbr_red": false
      },
      {
        "date": "2013/03/29",
        "per": 52.58,
        "pbr": 0.89,
        "is_per_red": false,
        "is_pbr_red": false
      },
      {
        "date": "2014/03/31",
        "per": 96.52,
        "pbr": 0.9,
        "is_per_red": false,
        "is_pbr_red": false
      },
      {
        "date": "2015/03/31",
        "per": 2.23,
        "pbr": 0.7,
        "is_per_red": false,
        "is_pbr_red": false
      },
      {
        "date": "2016/03/31",
        "per": -1,
        "pbr": 1.03,
        "is_per_red": true,
        "is_pbr_red": false
      },
      {
        "date": "2017/03/31",
        "per": -1,
        "pbr": 1.26,
        "is_per_red": true,
        "is_pbr_red": false
      },
      {
        "date": "2018/03/30",
        "per": 12.0,
        "pbr": 1.1,
        "is_per_red": false,
        "is_pbr_red": false
      },
      {
        "date": "2019/03/29",
        "per": 34.82,
        "pbr": 1.13,
        "is_per_red": false,
        "is_pbr_red": false
      },
      {
        "date": "2020/03/31",
        "per": 387.85,
        "pbr": 1.63,
        "is_per_red": false,
        "is_pbr_red": false
      },
      {
        "date": "2021/03/31",
        "per": -1,
        "pbr": 1.47,
        "is_per_red": true,
        "is_pbr_red": false
      },
      {
        "date": "2022/03/31",
        "per": 4.24,
        "pbr": 1.68,
        "is_per_red": false,
        "is_pbr_red": false
      },
      {
        "date": "2023/03/31",
        "per": 4.55,
        "pbr": 1.32,
        "is_per_red": false,
        "is_pbr_red": false
      },
      {
        "date": "2024/03/29",
        "per": 21.79,
        "pbr": 0.82,
        "is_per_red": false,
        "is_pbr_red": false
      }
    ],
    "daily_data": [],
    "financial_data": [
      {
        "fiscal_year": "2008/11",
        "sales": 17800.0,
        "operating_profit": 4810.0,
        "ordinary_profit": 4700.0,
        "net_profit": 807.0,
        "roa": 4.91,
        "operating_margin": 1.92,
        "cost_ratio": 27.05
      },
      {
        "fiscal_year": "2009/11",
        "sales": 10100.0,
        "operating_profit": 1120.0,
        "ordinary_profit": 968.0,
        "net_profit": 179.0,
        "roa": 1.11,
        "operating_margin": 0.44,
        "cost_ratio": 11.06
      },
      {
        "fiscal_year": "2010/03",
        "sales": 2810.0,
        "operating_profit": 105.0,
        "ordinary_profit": 13.0,
        "net_profit": -22.0,
        "roe": -1.21,
        "roa": -1,
        "operating_margin": -1,
        "cost_ratio": 3.73
      },
      {
        "fiscal_year": "2011/03",
        "sales": 8640.0,
        "operating_profit": 699.0,
        "ordinary_profit": 503.0,
        "net_profit": -61.0,
        "eps": -119.0,
        "roe": -3.35,
        "roa": -1,
        "operating_margin": -1,
        "cost_ratio": 8.09
      },
      {
        "fiscal_year": "2012/03",
        "sales": 8040.000000000001,
        "operating_profit": 806.0,
        "ordinary_profit": 652.0,
        "net_profit": 395.0,
        "eps": 636.0,
        "roe": 21.7,
        "roa": 2.45,
        "operating_margin": 1.07,
        "cost_ratio": 10.02
      },
      {
        "fiscal_year": "2013/03",
        "sales": 7440.000000000001,
        "operating_profit": 883.0,
        "ordinary_profit": 665.0,
        "net_profit": 286.0,
        "eps": 1000.0,
        "roe": 15.71,
        "roa": 1.7,
        "operating_margin": 0.7,
        "cost_ratio": 11.87
      },
      {
        "fiscal_year": "2014/03",
        "sales": 7330.0,
        "operating_profit": 329.0,
        "ordinary_profit": 252.0,
        "net_profit": 156.0,
        "eps": 105.0,
        "roe": 9.78,
        "roa": 0.94,
        "operating_margin": 0.39,
        "cost_ratio": 4.49
      },
      {
        "fiscal_year": "2015/03",
        "sales": 15800.0,
        "operating_profit": -570.0,
        "ordinary_profit": -1050.0,
        "net_profit": 9250.0,
        "eps": 10400.0,
        "roe": 450.99,
        "roa": 25.72,
        "operating_margin": 12.19,
        "cost_ratio": -3.6,
        "sga_ratio": 96.69
      },
      {
        "fiscal_year": "2016/03",
        "sales": 20700.0,
        "operating_profit": -3540.0,
        "ordinary_profit": -4400.0,
        "net_profit": -14200.0,
        "eps": -15500.0,
        "roe": -567.85,
        "roa": -1,
        "operating_margin": -1,
        "cost_ratio": -17.12,
        "sga_ratio": 109.59
      },
      {
        "fiscal_year": "2017/03",
        "sales": 17900.0,
        "operating_profit": -2180.0,
        "ordinary_profit": -2350.0,
        "net_profit": -880.0000000000001,
        "eps": -1060.0,
        "roe": -35.11,
        "roa": -1,
        "operating_margin": -1,
        "cost_ratio": -12.18,
        "sga_ratio": 104.07
      },
      {
        "fiscal_year": "2018/03",
        "sales": 20600.0,
        "operating_profit": 818.0,
        "ordinary_profit": 755.0,
        "net_profit": 1820.0,
        "eps": 1839.9999999999998,
        "roe": 73.11,
        "roa": 9.15,
        "operating_margin": 3.76,
        "cost_ratio": 3.98,
        "sga_ratio": 89.9
      },
      {
        "fiscal_year": "2019/03",
        "sales": 23000.0,
        "operating_profit": 396.0,
        "ordinary_profit": -51.0,
        "net_profit": 639.0,
        "eps": 484.99999999999994,
        "roe": 25.7,
        "roa": 3.24,
        "operating_margin": 1.22,
        "cost_ratio": 1.72,
        "sga_ratio": 92.59
      },
      {
        "fiscal_year": "2020/03",
        "sales": 21800.0,
        "operating_profit": -884.0,
        "ordinary_profit": -1080.0,
        "net_profit": 80.0,
        "eps": -673.0,
        "roe": 3.21,
        "roa": 0.42,
        "operating_margin": 0.15,
        "cost_ratio": -4.06,
        "sga_ratio": 97.77
      },
      {
        "fiscal_year": "2021/03",
        "sales": 18900.0,
        "operating_profit": -1230.0,
        "ordinary_profit": -1330.0,
        "net_profit": -1190.0,
        "eps": -871.0000000000001,
        "roe": -47.51,
        "roa": -1,
        "operating_margin": -1,
        "cost_ratio": -6.53,
        "sga_ratio": 99.35
      },
      {
        "fiscal_year": "2022/03",
        "sales": 37600.0,
        "operating_profit": 13400.0,
        "ordinary_profit": 13600.0,
        "net_profit": 11800.0,
        "eps": 12100.0,
        "roe": 473.86,
        "roa": 39.65,
        "operating_margin": 17.91,
        "cost_ratio": 35.55,
        "sga_ratio": 60.18
      },
      {
        "fiscal_year": "2023/03",
        "sales": 44300.0,
        "operating_profit": 13100.0,
        "ordinary_profit": 13400.0,
        "net_profit": 9860.0,
        "eps": 9720.0,
        "roe": 393.68,
        "roa": 28.94,
        "operating_margin": 14.17,
        "cost_ratio": 29.52,
        "sga_ratio": 66.54
      },
      {
        "fiscal_year": "2024/03",
        "sales": 29500.0,
        "operating_profit": 1680.0,
        "ordinary_profit": 1920.0,
        "net_profit": 1190.0,
        "eps": 2030.0,
        "roe": 47.6,
        "roa": 3.78,
        "operating_margin": 1.8,
        "cost_ratio": 5.69,
        "sga_ratio": 89.06
      },
      {
        "fiscal_year": "2025/03",
        "sales": 32300.0,
        "operating_profit": 1570.0,
        "ordinary_profit": 1510.0,
        "net_profit": 6820.0,
        "roe": 271.52,
        "roa": 19.72,
        "operating_margin": 9.8,
        "cost_ratio": 4.87
      }
    ],
    "dividend_data": [
      {
        "fiscal_year": "2010/03",
        "total_dividend": 6.0,
        "dividend_yield": 1.17
      },
      {
        "fiscal_year": "2011/03",
        "total_dividend": 18.0,
        "dividend_yield": 3.53
      },
      {
        "fiscal_year": "2012/03",
        "total_dividend": 18.0,
        "dividend_yield": 3.72
      },
      {
        "fiscal_year": "2013/03",
        "total_dividend": 18.0,
        "dividend_yield": 2.18
      }
    ]
  }
]