[
  {
    "code": 9201,
    "name": "日本航空",
    "annual_data": [
      {
        "date": "2013/03/29",
        "per": 4.62,
        "pbr": 1.4,
        "is_per_red": false,
        "is_pbr_red": false
      },
      {
        "date": "2014/03/31",
        "per": 5.54,
        "pbr": 1.33,
        "is_per_red": false,
        "is_pbr_red": false
      },
      {
        "date": "2015/03/31",
        "per": 9.1,
        "pbr": 1.75,
        "is_per_red": false,
        "is_pbr_red": false
      },
      {
        "date": "2016/03/31",
        "per": 8.56,
        "pbr": 1.77,
        "is_per_red": false,
        "is_pbr_red": false
      },
      {
        "date": "2017/03/31",
        "per": 7.72,
        "pbr": 1.28,
        "is_per_red": false,
        "is_pbr_red": false
      },
      {
        "date": "2018/03/30",
        "per": 11.17,
        "pbr": 1.42,
        "is_per_red": false,
        "is_pbr_red": false
      },
      {
        "date": "2019/03/29",
        "per": 9.02,
        "pbr": 1.31,
        "is_per_red": false,
        "is_pbr_red": false
      },
      {
        "date": "2020/03/31",
        "per": 14.21,
        "pbr": 0.71,
        "is_per_red": false,
        "is_pbr_red": false
      },
      {
        "date": "2021/03/31",
        "per": -1,
        "pbr": 1.14,
        "is_per_red": true,
        "is_pbr_red": false
      },
      {
        "date": "2022/03/31",
        "per": -1,
        "pbr": 1.25,
        "is_per_red": true,
        "is_pbr_red": false
      },
      {
        "date": "2023/03/31",
        "per": 32.78,
        "pbr": 1.38,
        "is_per_red": false,
        "is_pbr_red": false
      },
      {
        "date": "2024/03/29",
        "per": 13.35,
        "pbr": 1.4,
        "is_per_red": false,
        "is_pbr_red": false
      }
    ],
    "daily_data": [],
    "financial_data": [],
    "dividend_data": [
      {
        "fiscal_year": "2013/03",
        "total_dividend": 190.0,
        "dividend_yield": 95.0
      }
    ]
  },
  {
    "code": 9202,
    "name": "ＡＮＡホールディングス",
    "annual_data": [
      {
        "date": "2010/03/31",
        "per": -1,
        "pbr": 1.42,
        "is_per_red": true,
        "is_pbr_red": false
      },
      {
        "date": "2011/03/31",
        "per": 26.87,
        "pbr": 1.2,
        "is_per_red": false,
        "is_pbr_red": false
      },
      {
        "date": "2012/03/30",
        "per": 22.4,
        "pbr": 1.15,
        "is_per_red": false,
        "is_pbr_red": false
      },
      {
        "date": "2013/03/29",
        "per": 15.65,
        "pbr": 0.88,
        "is_per_red": false,
        "is_pbr_red": false
      },
      {
        "date": "2014/03/31",
        "per": 41.26,
        "pbr": 1.04,
        "is_per_red": false,
        "is_pbr_red": false
      },
      {
        "date": "2015/03/31",
        "per": 28.66,
        "pbr": 1.41,
        "is_per_red": false,
        "is_pbr_red": false
      },
      {
        "date": "2016/03/31",
        "per": 14.18,
        "pbr": 1.4,
        "is_per_red": false,
        "is_pbr_red": false
      },
      {
        "date": "2017/03/31",
        "per": 12.04,
        "pbr": 1.3,
        "is_per_red": false,
        "is_pbr_red": false
      },
      {
        "date": "2018/03/30",
        "per": 9.86,
        "pbr": 1.39,
        "is_per_red": false,
        "is_pbr_red": false
      },
      {
        "date": "2019/03/29",
        "per": 12.26,
        "pbr": 1.24,
        "is_per_red": false,
        "is_pbr_red": false
      },
      {
        "date": "2020/03/31",
        "per": 31.93,
        "pbr": 0.83,
        "is_per_red": false,
        "is_pbr_red": false
      },
      {
        "date": "2021/03/31",
        "per": -1,
        "pbr": 1.2,
        "is_per_red": true,
        "is_pbr_red": false
      },
      {
        "date": "2022/03/31",
        "per": -1,
        "pbr": 1.51,
        "is_per_red": true,
        "is_pbr_red": false
      },
      {
        "date": "2023/03/31",
        "per": 15.12,
        "pbr": 1.57,
        "is_per_red": false,
        "is_pbr_red": false
      },
      {
        "date": "2024/03/29",
        "per": 9.58,
        "pbr": 1.44,
        "is_per_red": false,
        "is_pbr_red": false
      }
    ],
    "daily_data": [],
    "financial_data": [
      {
        "fiscal_year": "2008/03",
        "sales": 1490000.0,
        "operating_profit": 84400.0,
        "ordinary_profit": 56500.0,
        "net_profit": 64100.0,
        "roa": 14.16,
        "operating_margin": 3.6,
        "cost_ratio": 5.67
      },
      {
        "fiscal_year": "2009/03",
        "sales": 1390000.0,
        "operating_profit": 7590.000000000001,
        "ordinary_profit": 91.0,
        "net_profit": -4260.0,
        "roa": -1,
        "operating_margin": -1,
        "cost_ratio": 0.54
      },
      {
        "fiscal_year": "2010/03",
        "sales": 1230000.0,
        "operating_profit": -54200.0,
        "ordinary_profit": -86300.0,
        "net_profit": -57400.0,
        "roe": -22.73,
        "roa": -1,
        "operating_margin": -1,
        "cost_ratio": -4.42
      },
      {
        "fiscal_year": "2011/03",
        "sales": 1360000.0,
        "operating_profit": 67800.0,
        "ordinary_profit": 37000.0,
        "net_profit": 23300.0,
        "eps": 38400.0,
        "roe": 9.23,
        "roa": 4.48,
        "operating_margin": 1.21,
        "cost_ratio": 4.99
      },
      {
        "fiscal_year": "2012/03",
        "sales": 1410000.0,
        "operating_profit": 97000.0,
        "ordinary_profit": 68500.0,
        "net_profit": 28200.0,
        "eps": 33100.0,
        "roe": 11.16,
        "roa": 5.13,
        "operating_margin": 1.41,
        "cost_ratio": 6.87
      },
      {
        "fiscal_year": "2013/03",
        "sales": 1480000.0,
        "operating_profit": 103800.0,
        "ordinary_profit": 77000.0,
        "net_profit": 43100.0,
        "eps": 50700.0,
        "roe": 12.27,
        "roa": 5.63,
        "operating_margin": 2.02,
        "cost_ratio": 7.0,
        "sga_ratio": 77.39
      },
      {
        "fiscal_year": "2014/03",
        "sales": 1570000.0,
        "operating_profit": 66000.0,
        "ordinary_profit": 42900.0,
        "net_profit": 18900.0,
        "eps": 26700.0,
        "roe": 5.41,
        "roa": 2.53,
        "operating_margin": 0.87,
        "cost_ratio": 4.2,
        "sga_ratio": 78.87
      },
      {
        "fiscal_year": "2015/03",
        "sales": 1710000.0,
        "operating_profit": 91500.0,
        "ordinary_profit": 67100.0,
        "net_profit": 39200.0,
        "eps": 57100.0,
        "roe": 11.24,
        "roa": 4.92,
        "operating_margin": 1.7,
        "cost_ratio": 5.34,
        "sga_ratio": 77.92
      },
      {
        "fiscal_year": "2016/03",
        "sales": 1790000.0,
        "operating_profit": 136500.0,
        "ordinary_profit": 130700.0,
        "net_profit": 78200.0,
        "eps": 4830.0,
        "roe": 22.36,
        "roa": 9.9,
        "operating_margin": 3.51,
        "cost_ratio": 7.62,
        "sga_ratio": 74.67
      },
      {
        "fiscal_year": "2017/03",
        "sales": 1770000.0,
        "operating_profit": 145500.0,
        "ordinary_profit": 140400.0,
        "net_profit": 98800.0,
        "eps": 145600.0,
        "roe": 28.23,
        "roa": 10.75,
        "operating_margin": 4.27,
        "cost_ratio": 8.24,
        "sga_ratio": 75.05
      },
      {
        "fiscal_year": "2018/03",
        "sales": 1970000.0,
        "operating_profit": 164500.0,
        "ordinary_profit": 160600.0,
        "net_profit": 143900.0,
        "eps": 162500.0,
        "roe": 417.82,
        "roa": 14.55,
        "operating_margin": 5.62,
        "cost_ratio": 8.34,
        "sga_ratio": 75.15
      },
      {
        "fiscal_year": "2019/03",
        "sales": 2060000.0,
        "operating_profit": 165000.0,
        "ordinary_profit": 156700.0,
        "net_profit": 110800.0,
        "eps": 141600.0,
        "roe": 331.04,
        "roa": 10.08,
        "operating_margin": 4.12,
        "cost_ratio": 8.02,
        "sga_ratio": 75.78
      },
      {
        "fiscal_year": "2020/03",
        "sales": 1970000.0,
        "operating_profit": 60800.0,
        "ordinary_profit": 59400.0,
        "net_profit": 27700.0,
        "eps": -14700.0,
        "roe": 82.66,
        "roa": 2.61,
        "operating_margin": 1.08,
        "cost_ratio": 3.08,
        "sga_ratio": 80.21
      },
      {
        "fiscal_year": "2021/03",
        "sales": 730000.0,
        "operating_profit": -464800.0,
        "ordinary_profit": -451400.0,
        "net_profit": -404600.0,
        "eps": -353200.0,
        "roe": -1082.04,
        "roa": -1,
        "operating_margin": -1,
        "cost_ratio": -63.78,
        "sga_ratio": 137.23
      },
      {
        "fiscal_year": "2022/03",
        "sales": 1020000.0,
        "operating_profit": -173100.0,
        "ordinary_profit": -184900.0,
        "net_profit": -143600.0,
        "eps": -93800.0,
        "roe": -305.37,
        "roa": -1,
        "operating_margin": -1,
        "cost_ratio": -16.97,
        "sga_ratio": 102.85
      },
      {
        "fiscal_year": "2023/03",
        "sales": 1710000.0,
        "operating_profit": 120000.0,
        "ordinary_profit": 111800.0,
        "net_profit": 89500.0,
        "eps": 63200.0,
        "roe": 190.24,
        "roa": 10.38,
        "operating_margin": 2.66,
        "cost_ratio": 7.03,
        "sga_ratio": 82.2
      },
      {
        "fiscal_year": "2024/03",
        "sales": 2060000.0,
        "operating_profit": 207900.0,
        "ordinary_profit": 207700.0,
        "net_profit": 157100.0,
        "eps": 183800.0,
        "roe": 335.09,
        "roa": 15.04,
        "operating_margin": 4.4,
        "cost_ratio": 10.11,
        "sga_ratio": 79.88
      },
      {
        "fiscal_year": "2025/03",
        "sales": 2220000.0,
        "operating_profit": 170000.0,
        "ordinary_profit": 170000.0,
        "net_profit": 120000.0,
        "roe": 255.31,
        "roa": 11.42,
        "operating_margin": 3.43,
        "cost_ratio": 7.66
      }
    ],
    "dividend_data": [
      {
        "fiscal_year": "2011/03",
        "total_dividend": 2.0,
        "dividend_yield": 0.81
      },
      {
        "fiscal_year": "2012/03",
        "total_dividend": 4.0,
        "dividend_yield": 1.6
      },
      {
        "fiscal_year": "2013/03",
        "total_dividend": 4.0,
        "dividend_yield": 2.08
      }
    ]
  },
  {
    "code": 9204,
    "name": "スカイマーク",
    "annual_data": [
      {
        "date": "2013/03/29",
        "per": 0.36,
        "pbr": 0.03,
        "is_per_red": false,
        "is_pbr_red": false
      },
      {
        "date": "2014/03/31",
        "per": -1,
        "pbr": 0.62,
        "is_per_red": true,
        "is_pbr_red": false
      },
      {
        "date": "2023/03/31",
        "per": 10.62,
        "pbr": 3.0,
        "is_per_red": false,
        "is_pbr_red": false
      },
      {
        "date": "2024/03/29",
        "per": 20.29,
        "pbr": 2.14,
        "is_per_red": false,
        "is_pbr_red": false
      }
    ],
    "daily_data": [],
    "financial_data": [],
    "dividend_data": [
      {
        "fiscal_year": "2013/03",
        "total_dividend": 0.16,
        "dividend_yield": 1.09
      },
      {
        "fiscal_year": "2014/03",
        "total_dividend": 0.0,
        "dividend_yield": 0.0
      },
      {
        "fiscal_year": "2022/03",
        "total_dividend": 0.0,
        "dividend_yield": 0.0
      }
    ]
  },
  {
    "code": 9206,
    "name": "スターフライヤー",
    "annual_data": [
      {
        "date": "2012/03/30",
        "per": 5.93,
        "pbr": 1.42,
        "is_per_red": false,
        "is_pbr_red": false
      },
      {
        "date": "2013/03/29",
        "per": 22.51,
        "pbr": 1.34,
        "is_per_red": false,
        "is_pbr_red": false
      },
      {
        "date": "2014/03/31",
        "per": -1,
        "pbr": 2.81,
        "is_per_red": true,
        "is_pbr_red": false
      },
      {
        "date": "2015/03/31",
        "per": 13.78,
        "pbr": 2.81,
        "is_per_red": false,
        "is_pbr_red": false
      },
      {
        "date": "2016/03/31",
        "per": 4.11,
        "pbr": 2.48,
        "is_per_red": false,
        "is_pbr_red": false
      },
      {
        "date": "2017/03/31",
        "per": 5.27,
        "pbr": 1.62,
        "is_per_red": false,
        "is_pbr_red": false
      },
      {
        "date": "2018/03/30",
        "per": 7.38,
        "pbr": 1.71,
        "is_per_red": false,
        "is_pbr_red": false
      },
      {
        "date": "2019/03/29",
        "per": 20.86,
        "pbr": 1.25,
        "is_per_red": false,
        "is_pbr_red": false
      },
      {
        "date": "2020/03/31",
        "per": -1,
        "pbr": 1.4,
        "is_per_red": true,
        "is_pbr_red": false
      },
      {
        "date": "2021/03/31",
        "per": -1,
        "pbr": 1.28,
        "is_per_red": true,
        "is_pbr_red": false
      },
      {
        "date": "2022/03/31",
        "per": -1,
        "pbr": 5.43,
        "is_per_red": true,
        "is_pbr_red": false
      },
      {
        "date": "2023/03/31",
        "per": 115.44,
        "pbr": 5.06,
        "is_per_red": false,
        "is_pbr_red": false
      },
      {
        "date": "2024/03/29",
        "per": 11.19,
        "pbr": 3.18,
        "is_per_red": false,
        "is_pbr_red": false
      }
    ],
    "daily_data": [],
    "financial_data": [],
    "dividend_data": [
      {
        "fiscal_year": "2013/03",
        "total_dividend": 0.0
      },
      {
        "fiscal_year": "2022/03",
        "total_dividend": 0.0
      },
      {
        "fiscal_year": "2023/03",
        "total_dividend": 0.0
      },
      {
        "fiscal_year": "2024/03",
        "total_dividend": 0.0
      },
      {
        "fiscal_year": "2025/03"
      }
    ]
  },
  {
    "code": 9232,
    "name": "パスコ",
    "annual_data": [
      {
        "date": "2010/03/31",
        "per": 6.05,
        "pbr": 1.29,
        "is_per_red": false,
        "is_pbr_red": false
      },
      {
        "date": "2011/03/31",
        "per": 12.36,
        "pbr": 2.02,
        "is_per_red": false,
        "is_pbr_red": false
      },
      {
        "date": "2012/03/30",
        "per": 20.95,
        "pbr": 1.98,
        "is_per_red": false,
        "is_pbr_red": false
      },
      {
        "date": "2013/03/29",
        "per": 18.12,
        "pbr": 2.01,
        "is_per_red": false,
        "is_pbr_red": false
      },
      {
        "date": "2014/03/31",
        "per": 28.19,
        "pbr": 2.15,
        "is_per_red": false,
        "is_pbr_red": false
      },
      {
        "date": "2015/03/31",
        "per": 19.67,
        "pbr": 1.54,
        "is_per_red": false,
        "is_pbr_red": false
      },
      {
        "date": "2016/03/31",
        "per": 198.56,
        "pbr": 2.16,
        "is_per_red": false,
        "is_pbr_red": false
      },
      {
        "date": "2017/03/31",
        "per": -1,
        "pbr": 1.89,
        "is_per_red": true,
        "is_pbr_red": false
      },
      {
        "date": "2018/03/30",
        "per": 23.01,
        "pbr": 1.67,
        "is_per_red": false,
        "is_pbr_red": false
      },
      {
        "date": "2019/03/29",
        "per": 9.2,
        "pbr": 0.86,
        "is_per_red": false,
        "is_pbr_red": false
      },
      {
        "date": "2020/03/31",
        "per": 6.14,
        "pbr": 1.22,
        "is_per_red": false,
        "is_pbr_red": false
      },
      {
        "date": "2021/03/31",
        "per": 6.11,
        "pbr": 0.99,
        "is_per_red": false,
        "is_pbr_red": false
      },
      {
        "date": "2022/03/31",
        "per": 8.22,
        "pbr": 0.81,
        "is_per_red": false,
        "is_pbr_red": false
      },
      {
        "date": "2023/03/31",
        "per": 4.99,
        "pbr": 0.75,
        "is_per_red": false,
        "is_pbr_red": false
      },
      {
        "date": "2024/03/29",
        "per": 5.31,
        "pbr": 0.84,
        "is_per_red": false,
        "is_pbr_red": false
      }
    ],
    "daily_data": [],
    "financial_data": [
      {
        "fiscal_year": "2008/03",
        "sales": 39500.0,
        "operating_profit": 1340.0,
        "ordinary_profit": 858.0,
        "net_profit": 692.0,
        "roa": 7.03,
        "operating_margin": 1.22,
        "cost_ratio": 3.4,
        "sga_ratio": 78.36
      },
      {
        "fiscal_year": "2009/03",
        "sales": 40300.0,
        "operating_profit": 1889.9999999999998,
        "ordinary_profit": 1290.0,
        "net_profit": -1460.0,
        "roa": -1,
        "operating_margin": -1,
        "cost_ratio": 4.68,
        "sga_ratio": 76.75
      },
      {
        "fiscal_year": "2010/03",
        "sales": 42100.0,
        "operating_profit": 2450.0,
        "ordinary_profit": 1939.9999999999998,
        "net_profit": 2220.0,
        "roe": 30.09,
        "roa": 21.31,
        "operating_margin": 4.05,
        "cost_ratio": 5.83,
        "sga_ratio": 77.08
      },
      {
        "fiscal_year": "2011/03",
        "sales": 43700.0,
        "operating_profit": 3340.0,
        "ordinary_profit": 2790.0,
        "net_profit": 1880.0,
        "eps": 1390.0,
        "roe": 25.49,
        "roa": 16.37,
        "operating_margin": 3.32,
        "cost_ratio": 7.66,
        "sga_ratio": 73.68
      },
      {
        "fiscal_year": "2012/03",
        "sales": 50400.0,
        "operating_profit": 3740.0,
        "ordinary_profit": 3560.0,
        "net_profit": 1120.0,
        "eps": 754.0,
        "roe": 15.18,
        "roa": 9.44,
        "operating_margin": 1.74,
        "cost_ratio": 7.41,
        "sga_ratio": 75.31
      },
      {
        "fiscal_year": "2013/03",
        "sales": 51300.0,
        "operating_profit": 3850.0,
        "ordinary_profit": 3629.9999999999995,
        "net_profit": 1470.0,
        "eps": 1920.0,
        "roe": 19.87,
        "roa": 11.09,
        "operating_margin": 2.26,
        "cost_ratio": 7.5,
        "sga_ratio": 74.14
      },
      {
        "fiscal_year": "2014/03",
        "sales": 54200.0,
        "operating_profit": 2960.0,
        "ordinary_profit": 2550.0,
        "net_profit": 1110.0,
        "eps": 2020.0,
        "roe": 15.4,
        "roa": 7.63,
        "operating_margin": 1.59,
        "cost_ratio": 5.46,
        "sga_ratio": 75.78
      },
      {
        "fiscal_year": "2015/03",
        "sales": 53500.0,
        "operating_profit": 2530.0,
        "ordinary_profit": 2600.0,
        "net_profit": 1260.0,
        "eps": 2400.0,
        "roe": 17.49,
        "roa": 7.81,
        "operating_margin": 1.85,
        "cost_ratio": 4.72,
        "sga_ratio": 76.36
      },
      {
        "fiscal_year": "2016/03",
        "sales": 52800.0,
        "operating_profit": 1019.9999999999999,
        "ordinary_profit": 800.0,
        "net_profit": 160.0,
        "eps": -787.0,
        "roe": 2.22,
        "roa": 1.09,
        "operating_margin": 0.24,
        "cost_ratio": 1.93,
        "sga_ratio": 79.02
      },
      {
        "fiscal_year": "2017/03",
        "sales": 51800.0,
        "operating_profit": 1190.0,
        "ordinary_profit": 938.0000000000001,
        "net_profit": -524.0,
        "eps": -589.0,
        "roe": -7.24,
        "roa": -1,
        "operating_margin": -1,
        "cost_ratio": 2.29,
        "sga_ratio": 78.38
      },
      {
        "fiscal_year": "2018/03",
        "sales": 51100.0,
        "operating_profit": 2050.0,
        "ordinary_profit": 1889.9999999999998,
        "net_profit": 1000.0,
        "eps": 956.0,
        "roe": 13.86,
        "roa": 7.27,
        "operating_margin": 1.48,
        "cost_ratio": 4.01,
        "sga_ratio": 76.2
      },
      {
        "fiscal_year": "2019/03",
        "sales": 51900.0,
        "operating_profit": 2760.0,
        "ordinary_profit": 2850.0,
        "net_profit": 1380.0,
        "eps": 1140.0,
        "roe": 95.88,
        "roa": 9.3,
        "operating_margin": 2.07,
        "cost_ratio": 5.32,
        "sga_ratio": 76.02
      },
      {
        "fiscal_year": "2020/03",
        "sales": 54300.0,
        "operating_profit": 3610.0,
        "ordinary_profit": 3570.0000000000005,
        "net_profit": 3510.0,
        "eps": 2770.0,
        "roe": 243.46,
        "roa": 19.93,
        "operating_margin": 5.46,
        "cost_ratio": 6.65,
        "sga_ratio": 75.04
      },
      {
        "fiscal_year": "2021/03",
        "sales": 55500.0,
        "operating_profit": 5080.0,
        "ordinary_profit": 5020.0,
        "net_profit": 3520.0000000000005,
        "eps": 4520.0,
        "roe": 244.05,
        "roa": 16.16,
        "operating_margin": 5.23,
        "cost_ratio": 9.15,
        "sga_ratio": 73.34
      },
      {
        "fiscal_year": "2022/03",
        "sales": 56200.0,
        "operating_profit": 3870.0000000000005,
        "ordinary_profit": 3940.0,
        "net_profit": 2340.0,
        "eps": 2360.0,
        "roe": 161.87,
        "roa": 9.93,
        "operating_margin": 3.35,
        "cost_ratio": 6.89,
        "sga_ratio": 74.57
      },
      {
        "fiscal_year": "2023/03",
        "sales": 62000.0,
        "operating_profit": 6430.0,
        "ordinary_profit": 6530.0,
        "net_profit": 4100.0,
        "eps": 4300.0,
        "roe": 284.37,
        "roa": 15.07,
        "operating_margin": 5.78,
        "cost_ratio": 10.37,
        "sga_ratio": 71.38
      },
      {
        "fiscal_year": "2024/03",
        "sales": 60700.0,
        "operating_profit": 5310.0,
        "ordinary_profit": 5430.0,
        "net_profit": 5090.0,
        "eps": 6160.0,
        "roe": 353.67,
        "roa": 15.78,
        "operating_margin": 6.87,
        "cost_ratio": 8.74,
        "sga_ratio": 71.69
      },
      {
        "fiscal_year": "2025/03",
        "sales": 60000.0,
        "operating_profit": 4600.0,
        "ordinary_profit": 4600.0,
        "net_profit": 3100.0,
        "roe": 215.36,
        "roa": 10.65,
        "operating_margin": 6.34,
        "cost_ratio": 7.67
      }
    ],
    "dividend_data": [
      {
        "fiscal_year": "2010/03",
        "total_dividend": 5.0,
        "dividend_yield": 2.75
      },
      {
        "fiscal_year": "2011/03",
        "total_dividend": 8.0,
        "dividend_yield": 2.54
      },
      {
        "fiscal_year": "2012/03",
        "total_dividend": 8.0,
        "dividend_yield": 2.52
      },
      {
        "fiscal_year": "2013/03",
        "total_dividend": 8.0,
        "dividend_yield": 2.22
      },
      {
        "fiscal_year": "2014/03",
        "total_dividend": 9.0,
        "dividend_yield": 2.07
      },
      {
        "fiscal_year": "2015/03",
        "total_dividend": 9.0,
        "dividend_yield": 2.62
      }
    ]
  },
  {
    "code": 9233,
    "name": "アジア航測",
    "annual_data": [
      {
        "date": "2010/09/30",
        "per": 3.11,
        "pbr": 0.63,
        "is_per_red": false,
        "is_pbr_red": false
      },
      {
        "date": "2011/09/30",
        "per": 159.56,
        "pbr": 0.69,
        "is_per_red": false,
        "is_pbr_red": false
      },
      {
        "date": "2012/09/25",
        "per": 4.77,
        "pbr": 0.68,
        "is_per_red": false,
        "is_pbr_red": false
      },
      {
        "date": "2013/09/30",
        "per": 3.89,
        "pbr": 0.67,
        "is_per_red": false,
        "is_pbr_red": false
      },
      {
        "date": "2014/09/30",
        "per": 11.58,
        "pbr": 1.08,
        "is_per_red": false,
        "is_pbr_red": false
      },
      {
        "date": "2015/09/30",
        "per": 8.14,
        "pbr": 0.71,
        "is_per_red": false,
        "is_pbr_red": false
      },
      {
        "date": "2016/09/30",
        "per": 11.8,
        "pbr": 0.8,
        "is_per_red": false,
        "is_pbr_red": false
      },
      {
        "date": "2017/09/29",
        "per": 13.67,
        "pbr": 1.42,
        "is_per_red": false,
        "is_pbr_red": false
      },
      {
        "date": "2018/09/28",
        "per": 18.64,
        "pbr": 1.03,
        "is_per_red": false,
        "is_pbr_red": false
      },
      {
        "date": "2019/09/30",
        "per": 9.67,
        "pbr": 0.75,
        "is_per_red": false,
        "is_pbr_red": false
      },
      {
        "date": "2020/09/30",
        "per": 10.72,
        "pbr": 1.22,
        "is_per_red": false,
        "is_pbr_red": false
      },
      {
        "date": "2021/09/30",
        "per": 9.75,
        "pbr": 0.99,
        "is_per_red": false,
        "is_pbr_red": false
      },
      {
        "date": "2022/09/30",
        "per": 7.96,
        "pbr": 0.76,
        "is_per_red": false,
        "is_pbr_red": false
      },
      {
        "date": "2023/09/29",
        "per": 8.79,
        "pbr": 0.82,
        "is_per_red": false,
        "is_pbr_red": false
      },
      {
        "date": "2024/09/30",
        "per": 11.18,
        "pbr": 1.02,
        "is_per_red": false,
        "is_pbr_red": false
      }
    ],
    "daily_data": [],
    "financial_data": [
      {
        "fiscal_year": "2008/09",
        "sales": 17500.0,
        "operating_profit": 56.00000000000001,
        "ordinary_profit": -25.0,
        "net_profit": -698.0,
        "roa": -1,
        "operating_margin": -1,
        "cost_ratio": 0.32,
        "sga_ratio": 76.15
      },
      {
        "fiscal_year": "2009/09",
        "sales": 17200.0,
        "operating_profit": -168.0,
        "ordinary_profit": -413.99999999999994,
        "net_profit": -1140.0,
        "roa": -1,
        "operating_margin": -1,
        "cost_ratio": -0.98,
        "sga_ratio": 77.86
      },
      {
        "fiscal_year": "2010/09",
        "sales": 23100.0,
        "operating_profit": 1300.0,
        "ordinary_profit": 1280.0,
        "net_profit": 1030.0,
        "roe": 67.59,
        "roa": 20.13,
        "operating_margin": 8.95,
        "cost_ratio": 5.65,
        "sga_ratio": 75.69
      },
      {
        "fiscal_year": "2011/09",
        "sales": 18000.0,
        "operating_profit": 221.0,
        "ordinary_profit": 158.0,
        "net_profit": 25.0,
        "eps": 21.0,
        "roe": 1.36,
        "roa": 0.43,
        "operating_margin": 0.21,
        "cost_ratio": 1.23,
        "sga_ratio": 77.53
      },
      {
        "fiscal_year": "2012/09",
        "sales": 21600.0,
        "operating_profit": 916.0,
        "ordinary_profit": 877.9999999999999,
        "net_profit": 956.0,
        "eps": 966.0,
        "roe": 51.36,
        "roa": 14.18,
        "operating_margin": 6.87,
        "cost_ratio": 4.25,
        "sga_ratio": 76.01
      },
      {
        "fiscal_year": "2013/09",
        "sales": 20600.0,
        "operating_profit": 491.0,
        "ordinary_profit": 514.0,
        "net_profit": 1420.0,
        "eps": 1540.0,
        "roe": 79.36,
        "roa": 17.29,
        "operating_margin": 8.94,
        "cost_ratio": 2.38,
        "sga_ratio": 76.81
      },
      {
        "fiscal_year": "2014/09",
        "sales": 22700.0,
        "operating_profit": 1290.0,
        "ordinary_profit": 1330.0,
        "net_profit": 847.0000000000001,
        "eps": 955.0000000000001,
        "roe": 47.48,
        "roa": 9.3,
        "operating_margin": 4.76,
        "cost_ratio": 5.7,
        "sga_ratio": 74.19
      },
      {
        "fiscal_year": "2015/09",
        "sales": 23300.0,
        "operating_profit": 1370.0,
        "ordinary_profit": 1390.0,
        "net_profit": 826.0,
        "eps": 961.0,
        "roe": 46.31,
        "roa": 8.76,
        "operating_margin": 4.27,
        "cost_ratio": 5.87,
        "sga_ratio": 74.62
      },
      {
        "fiscal_year": "2016/09",
        "sales": 23600.0,
        "operating_profit": 1210.0,
        "ordinary_profit": 1260.0,
        "net_profit": 670.0,
        "eps": 561.0,
        "roe": 37.55,
        "roa": 6.8,
        "operating_margin": 3.37,
        "cost_ratio": 5.13,
        "sga_ratio": 75.06
      },
      {
        "fiscal_year": "2017/09",
        "sales": 24000.0,
        "operating_profit": 1350.0,
        "ordinary_profit": 1739.9999999999998,
        "net_profit": 1160.0,
        "eps": 1430.0,
        "roe": 64.91,
        "roa": 10.38,
        "operating_margin": 5.32,
        "cost_ratio": 5.62,
        "sga_ratio": 74.7
      },
      {
        "fiscal_year": "2018/09",
        "sales": 24600.0,
        "operating_profit": 948.0,
        "ordinary_profit": 1080.0,
        "net_profit": 658.0,
        "eps": 861.0,
        "roe": 36.65,
        "roa": 5.53,
        "operating_margin": 2.89,
        "cost_ratio": 3.85,
        "sga_ratio": 75.9
      },
      {
        "fiscal_year": "2019/09",
        "sales": 28500.0,
        "operating_profit": 1350.0,
        "ordinary_profit": 1580.0,
        "net_profit": 1080.0,
        "eps": 2160.0,
        "roe": 60.08,
        "roa": 7.79,
        "operating_margin": 4.38,
        "cost_ratio": 4.73,
        "sga_ratio": 76.68
      },
      {
        "fiscal_year": "2020/09",
        "sales": 30100.0,
        "operating_profit": 2070.0,
        "ordinary_profit": 2280.0,
        "net_profit": 1750.0,
        "eps": 1810.0000000000002,
        "roe": 97.58,
        "roa": 11.34,
        "operating_margin": 6.27,
        "cost_ratio": 6.89,
        "sga_ratio": 74.24
      },
      {
        "fiscal_year": "2021/09",
        "sales": 32500.0,
        "operating_profit": 2340.0,
        "ordinary_profit": 2560.0,
        "net_profit": 1730.0,
        "eps": 1980.0,
        "roe": 95.82,
        "roa": 10.12,
        "operating_margin": 5.98,
        "cost_ratio": 7.19,
        "sga_ratio": 73.46
      },
      {
        "fiscal_year": "2022/09",
        "sales": 33700.0,
        "operating_profit": 2470.0,
        "ordinary_profit": 2740.0,
        "net_profit": 1730.0,
        "eps": 1560.0,
        "roe": 95.52,
        "roa": 9.5,
        "operating_margin": 5.48,
        "cost_ratio": 7.32,
        "sga_ratio": 72.45
      },
      {
        "fiscal_year": "2023/09",
        "sales": 37300.0,
        "operating_profit": 2750.0,
        "ordinary_profit": 2970.0,
        "net_profit": 1850.0,
        "eps": 2130.0,
        "roe": 102.18,
        "roa": 9.34,
        "operating_margin": 5.49,
        "cost_ratio": 7.36,
        "sga_ratio": 73.29
      },
      {
        "fiscal_year": "2024/09",
        "sales": 40300.0,
        "operating_profit": 2850.0,
        "ordinary_profit": 3040.0,
        "net_profit": 1900.0,
        "eps": 1770.0,
        "roe": 104.73,
        "roa": 9.08,
        "operating_margin": 5.22,
        "cost_ratio": 7.08,
        "sga_ratio": 72.74
      },
      {
        "fiscal_year": "2025/09",
        "sales": 41100.0,
        "operating_profit": 2900.0,
        "ordinary_profit": 3050.0,
        "net_profit": 1980.0,
        "roe": 108.8,
        "roa": 9.45,
        "operating_margin": 5.44,
        "cost_ratio": 7.06
      }
    ],
    "dividend_data": [
      {
        "fiscal_year": "2010/03",
        "total_dividend": 5.0,
        "dividend_yield": 2.38
      },
      {
        "fiscal_year": "2011/03",
        "total_dividend": 3.0,
        "dividend_yield": 1.38
      },
      {
        "fiscal_year": "2012/03",
        "total_dividend": 5.0,
        "dividend_yield": 2.04
      },
      {
        "fiscal_year": "2013/03",
        "total_dividend": 5.0,
        "dividend_yield": 1.62
      }
    ]
  }
]