[
  {
    "code": "218A",
    "name": "Ｌｉｂｅｒａｗａｒｅ",
    "annual_data": [
      {
        "date": "2024/07/31",
        "per": -1,
        "pbr": 9.53,
        "is_per_red": true,
        "is_pbr_red": false
      }
    ],
    "daily_data": [],
    "financial_data": [
      {
        "fiscal_year": "2019/07",
        "sales": 46.0,
        "ordinary_profit": -95.0,
        "net_profit": -96.0,
        "eps": -10.63,
        "roa": -1
      },
      {
        "fiscal_year": "2020/07",
        "sales": 85.0,
        "ordinary_profit": -152.0,
        "net_profit": -155.0,
        "eps": -14.88,
        "roa": -1
      },
      {
        "fiscal_year": "2021/07",
        "sales": 161.0,
        "ordinary_profit": -317.0,
        "net_profit": -322.0,
        "eps": -27.96,
        "roa": -1
      },
      {
        "fiscal_year": "2022/07",
        "sales": 260.0,
        "operating_profit": -463.0,
        "ordinary_profit": -456.0,
        "net_profit": -456.0,
        "eps": -34.28,
        "roe": -1,
        "roa": -1,
        "operating_margin": -177.72,
        "cost_ratio": 83.46,
        "sga_ratio": 194.26
      },
      {
        "fiscal_year": "2023/07",
        "sales": 380.0,
        "operating_profit": -631.0,
        "ordinary_profit": -636.0,
        "net_profit": -641.0,
        "eps": -39.32,
        "roe": -1,
        "roa": -1,
        "operating_margin": -166.2,
        "cost_ratio": 86.63,
        "sga_ratio": 179.58
      },
      {
        "fiscal_year": "2024/07",
        "sales": 815.0,
        "operating_profit": -441.0,
        "ordinary_profit": -435.0,
        "net_profit": -438.0,
        "eps": -25.53,
        "roe": -1,
        "roa": -1,
        "operating_margin": -54.06,
        "cost_ratio": 55.86,
        "sga_ratio": 98.21
      },
      {
        "fiscal_year": "2025/07",
        "sales": 1250.0,
        "operating_profit": -1839.9999999999998,
        "ordinary_profit": 8.0,
        "net_profit": 5.0,
        "eps": 0.27,
        "roe": 0.74,
        "roa": 0.34,
        "operating_margin": -147.52
      }
    ],
    "dividend_data": [
      {
        "fiscal_year": "2023/03",
        "total_dividend": 0.0
      },
      {
        "fiscal_year": "2024/03",
        "total_dividend": 0.0,
        "dividend_yield": 0.0
      }
    ]
  },
  {
    "code": "255A",
    "name": "ジーエルテクノホールディングス",
    "annual_data": [
      {
        "date": "2024/07/31",
        "per": -1,
        "pbr": 9.53,
        "is_per_red": true,
        "is_pbr_red": false
      }
    ],
    "daily_data": [],
    "financial_data": [],
    "dividend_data": []
  },
  {
    "code": "268A",
    "name": "リガク・ホールディングス",
    "annual_data": [
      {
        "date": "2024/07/31",
        "per": -1,
        "pbr": 9.53,
        "is_per_red": true,
        "is_pbr_red": false
      }
    ],
    "daily_data": [],
    "financial_data": [
      {
        "fiscal_year": "2021/12",
        "sales": 916.0,
        "ordinary_profit": -3410.0,
        "eps": -15.21
      },
      {
        "fiscal_year": "2022/12",
        "sales": 62700.0,
        "operating_profit": 6330.0,
        "ordinary_profit": 911.0,
        "net_profit": 3110.0,
        "eps": 4.05,
        "roe": 1.72,
        "roa": 0.61,
        "operating_margin": 10.1
      },
      {
        "fiscal_year": "2023/12",
        "sales": 79900.0,
        "operating_profit": 15300.0,
        "ordinary_profit": 10900.0,
        "net_profit": 12200.0,
        "eps": 48.4,
        "roe": 16.69,
        "roa": 6.68,
        "operating_margin": 19.1,
        "cost_ratio": 41.57,
        "sga_ratio": 39.14
      },
      {
        "fiscal_year": "2024/12",
        "sales": 88500.0,
        "operating_profit": 17400.0,
        "ordinary_profit": 11900.0,
        "eps": 52.87,
        "roe": 16.0,
        "roa": 7.17,
        "operating_margin": 19.65
      }
    ],
    "dividend_data": [
      {
        "fiscal_year": "2023/03"
      }
    ]
  },
  {
    "code": "4543",
    "name": "テルモ",
    "annual_data": [
      {
        "date": "2010/03/31",
        "per": 25.81,
        "pbr": 3.11,
        "is_per_red": false,
        "is_pbr_red": false
      },
      {
        "date": "2011/03/31",
        "per": 28.64,
        "pbr": 2.55,
        "is_per_red": false,
        "is_pbr_red": false
      },
      {
        "date": "2012/03/30",
        "per": 31.11,
        "pbr": 1.97,
        "is_per_red": false,
        "is_pbr_red": false
      },
      {
        "date": "2013/03/29",
        "per": 16.38,
        "pbr": 1.83,
        "is_per_red": false,
        "is_pbr_red": false
      },
      {
        "date": "2014/03/31",
        "per": 25.12,
        "pbr": 1.93,
        "is_per_red": false,
        "is_pbr_red": false
      },
      {
        "date": "2015/03/31",
        "per": 31.31,
        "pbr": 2.55,
        "is_per_red": false,
        "is_pbr_red": false
      },
      {
        "date": "2016/03/31",
        "per": 29.87,
        "pbr": 2.93,
        "is_per_red": false,
        "is_pbr_red": false
      },
      {
        "date": "2017/03/31",
        "per": 25.39,
        "pbr": 2.77,
        "is_per_red": false,
        "is_pbr_red": false
      },
      {
        "date": "2018/03/30",
        "per": 21.58,
        "pbr": 3.59,
        "is_per_red": false,
        "is_pbr_red": false
      },
      {
        "date": "2019/03/29",
        "per": 31.09,
        "pbr": 3.6,
        "is_per_red": false,
        "is_pbr_red": false
      },
      {
        "date": "2020/03/31",
        "per": 32.64,
        "pbr": 3.71,
        "is_per_red": false,
        "is_pbr_red": false
      },
      {
        "date": "2021/03/31",
        "per": 39.09,
        "pbr": 3.53,
        "is_per_red": false,
        "is_pbr_red": false
      },
      {
        "date": "2022/03/31",
        "per": 31.71,
        "pbr": 2.78,
        "is_per_red": false,
        "is_pbr_red": false
      },
      {
        "date": "2023/03/31",
        "per": 30.03,
        "pbr": 2.4,
        "is_per_red": false,
        "is_pbr_red": false
      },
      {
        "date": "2024/03/29",
        "per": 38.17,
        "pbr": 3.05,
        "is_per_red": false,
        "is_pbr_red": false
      }
    ],
    "daily_data": [],
    "financial_data": [
      {
        "fiscal_year": "2008/03",
        "sales": 310000.0,
        "operating_profit": 66900.0,
        "ordinary_profit": 43400.0,
        "roe": 14.88,
        "roa": 10.56,
        "operating_margin": 21.85,
        "cost_ratio": 45.1,
        "sga_ratio": 33.05
      },
      {
        "fiscal_year": "2009/03",
        "sales": 300000.0,
        "operating_profit": 54000.0,
        "ordinary_profit": 36900.0,
        "roe": 12.17,
        "roa": 9.73,
        "operating_margin": 17.85,
        "cost_ratio": 47.73,
        "sga_ratio": 34.42
      },
      {
        "fiscal_year": "2010/03",
        "sales": 320000.0,
        "operating_profit": 63300.0,
        "ordinary_profit": 40700.0,
        "eps": 24.14,
        "roe": 12.06,
        "roa": 9.57,
        "operating_margin": 20.03,
        "cost_ratio": 47.36,
        "sga_ratio": 32.62
      },
      {
        "fiscal_year": "2011/03",
        "sales": 330000.0,
        "operating_profit": 62600.0,
        "ordinary_profit": 32300.0,
        "net_profit": 24500.0,
        "eps": 19.17,
        "roe": 8.89,
        "roa": 7.7,
        "operating_margin": 19.07,
        "cost_ratio": 47.96,
        "sga_ratio": 32.96
      },
      {
        "fiscal_year": "2012/03",
        "sales": 390000.0,
        "operating_profit": 63000.0,
        "ordinary_profit": 24200.0,
        "net_profit": 23700.0,
        "eps": 15.91,
        "roe": 6.34,
        "roa": 3.49,
        "operating_margin": 16.3,
        "cost_ratio": 47.08,
        "sga_ratio": 36.62
      },
      {
        "fiscal_year": "2013/03",
        "sales": 400000.0,
        "operating_profit": 53200.0,
        "ordinary_profit": 47000.0,
        "net_profit": 93700.0,
        "eps": 30.95,
        "roe": 11.19,
        "roa": 6.1,
        "operating_margin": 13.23,
        "cost_ratio": 48.87,
        "sga_ratio": 37.9
      },
      {
        "fiscal_year": "2014/03",
        "sales": 470000.0,
        "operating_profit": 65300.0,
        "ordinary_profit": 34100.0,
        "net_profit": 71200.0,
        "eps": 22.45,
        "roe": 7.67,
        "roa": 4.09,
        "operating_margin": 13.97,
        "cost_ratio": 48.22,
        "sga_ratio": 37.81
      },
      {
        "fiscal_year": "2015/03",
        "sales": 490000.0,
        "operating_profit": 67500.0,
        "ordinary_profit": 38500.0,
        "net_profit": 89000.0,
        "eps": 25.33,
        "roe": 8.17,
        "roa": 3.88,
        "operating_margin": 13.78,
        "cost_ratio": 47.7,
        "sga_ratio": 38.52
      },
      {
        "fiscal_year": "2016/03",
        "sales": 530000.0,
        "operating_profit": 81700.0,
        "ordinary_profit": 50700.0,
        "net_profit": 14400.0,
        "eps": 33.78,
        "roe": 10.13,
        "roa": 5.7,
        "operating_margin": 15.56,
        "cost_ratio": 46.13,
        "sga_ratio": 38.31
      },
      {
        "fiscal_year": "2017/03",
        "sales": 510000.0,
        "ordinary_profit": 55000.0,
        "net_profit": 49700.0,
        "eps": 38.08,
        "roe": 11.19,
        "roa": 5.38,
        "operating_margin": 14.89,
        "cost_ratio": 45.93,
        "sga_ratio": 39.17
      },
      {
        "fiscal_year": "2018/03",
        "sales": 590000.0,
        "operating_profit": 108600.0,
        "ordinary_profit": 91300.0,
        "net_profit": 67700.0,
        "eps": 64.78,
        "roe": 16.59,
        "roa": 8.45,
        "operating_margin": 18.47,
        "cost_ratio": 45.67,
        "sga_ratio": 36.13
      },
      {
        "fiscal_year": "2019/03",
        "sales": 600000.0,
        "operating_profit": 106600.0,
        "ordinary_profit": 79500.0,
        "net_profit": 98900.0,
        "eps": 54.35,
        "roe": 11.38,
        "roa": 7.09,
        "operating_margin": 17.79,
        "cost_ratio": 45.54,
        "sga_ratio": 37.75
      },
      {
        "fiscal_year": "2020/03",
        "sales": 630000.0,
        "operating_profit": 110600.0,
        "ordinary_profit": 85200.0,
        "net_profit": 59200.0,
        "eps": 56.98,
        "roe": 11.29,
        "roa": 6.86,
        "operating_margin": 17.59,
        "cost_ratio": 45.31,
        "sga_ratio": 37.39
      },
      {
        "fiscal_year": "2021/03",
        "sales": 610000.0,
        "operating_profit": 98400.0,
        "ordinary_profit": 77300.0,
        "net_profit": 115700.0,
        "eps": 51.16,
        "roe": 9.02,
        "roa": 5.72,
        "operating_margin": 16.03,
        "cost_ratio": 46.79,
        "sga_ratio": 37.24
      },
      {
        "fiscal_year": "2022/03",
        "sales": 700000.0,
        "operating_profit": 116000.0,
        "ordinary_profit": 88800.0,
        "net_profit": 178400.0,
        "eps": 58.72,
        "roe": 8.77,
        "roa": 6.03,
        "operating_margin": 16.49,
        "cost_ratio": 47.48,
        "sga_ratio": 35.67
      },
      {
        "fiscal_year": "2023/03",
        "sales": 820000.0,
        "operating_profit": 117300.0,
        "ordinary_profit": 89300.0,
        "net_profit": 176400.0,
        "eps": 59.5,
        "roe": 8.04,
        "roa": 5.58,
        "operating_margin": 14.31,
        "cost_ratio": 49.11,
        "sga_ratio": 36.56
      },
      {
        "fiscal_year": "2024/03",
        "sales": 920000.0,
        "operating_profit": 140100.0,
        "ordinary_profit": 106400.0,
        "net_profit": 258800.0,
        "eps": 71.5,
        "roe": 8.02,
        "roa": 5.81,
        "operating_margin": 15.2,
        "cost_ratio": 48.02,
        "sga_ratio": 37.42
      },
      {
        "fiscal_year": "2025/03",
        "sales": 1010000.0,
        "operating_profit": 172000.0,
        "ordinary_profit": 124500.0,
        "eps": 83.88,
        "roe": 9.48,
        "roa": 7.11,
        "operating_margin": 17.03
      }
    ],
    "dividend_data": [
      {
        "fiscal_year": "2010/03",
        "total_dividend": 32.0,
        "dividend_yield": 4.0
      },
      {
        "fiscal_year": "2011/03",
        "total_dividend": 34.0,
        "dividend_yield": 4.25
      },
      {
        "fiscal_year": "2012/03",
        "total_dividend": 39.0,
        "dividend_yield": 4.88
      },
      {
        "fiscal_year": "2013/03",
        "total_dividend": 44.0,
        "dividend_yield": 5.5
      }
    ]
  },
  {
    "code": "5187",
    "name": "クリエートメディック",
    "annual_data": [
      {
        "date": "2009/12/30",
        "per": 13.37,
        "pbr": 0.79,
        "is_per_red": false,
        "is_pbr_red": false
      },
      {
        "date": "2010/12/30",
        "per": 12.29,
        "pbr": 0.76,
        "is_per_red": false,
        "is_pbr_red": false
      },
      {
        "date": "2011/12/30",
        "per": 13.37,
        "pbr": 0.71,
        "is_per_red": false,
        "is_pbr_red": false
      },
      {
        "date": "2012/12/28",
        "per": 14.87,
        "pbr": 0.66,
        "is_per_red": false,
        "is_pbr_red": false
      },
      {
        "date": "2013/12/30",
        "per": 17.48,
        "pbr": 0.75,
        "is_per_red": false,
        "is_pbr_red": false
      },
      {
        "date": "2014/12/30",
        "per": 20.21,
        "pbr": 0.77,
        "is_per_red": false,
        "is_pbr_red": false
      },
      {
        "date": "2015/12/30",
        "per": 26.96,
        "pbr": 0.68,
        "is_per_red": false,
        "is_pbr_red": false
      },
      {
        "date": "2016/12/30",
        "per": 17.49,
        "pbr": 0.71,
        "is_per_red": false,
        "is_pbr_red": false
      },
      {
        "date": "2017/12/29",
        "per": 25.98,
        "pbr": 0.94,
        "is_per_red": false,
        "is_pbr_red": false
      },
      {
        "date": "2018/12/28",
        "per": 13.74,
        "pbr": 0.72,
        "is_per_red": false,
        "is_pbr_red": false
      },
      {
        "date": "2019/12/30",
        "per": 13.49,
        "pbr": 0.74,
        "is_per_red": false,
        "is_pbr_red": false
      },
      {
        "date": "2020/12/30",
        "per": 13.89,
        "pbr": 0.68,
        "is_per_red": false,
        "is_pbr_red": false
      },
      {
        "date": "2021/12/30",
        "per": 13.48,
        "pbr": 0.62,
        "is_per_red": false,
        "is_pbr_red": false
      },
      {
        "date": "2022/12/30",
        "per": 16.6,
        "pbr": 0.54,
        "is_per_red": false,
        "is_pbr_red": false
      },
      {
        "date": "2023/12/29",
        "per": 52.72,
        "pbr": 0.54,
        "is_per_red": false,
        "is_pbr_red": false
      }
    ],
    "daily_data": [],
    "financial_data": [
      {
        "fiscal_year": "2008/12",
        "sales": 9060.0,
        "operating_profit": 1430.0,
        "ordinary_profit": 1310.0,
        "net_profit": 810.0,
        "roa": 7.89,
        "operating_margin": 5.8,
        "cost_ratio": 15.82,
        "sga_ratio": 48.12
      },
      {
        "fiscal_year": "2009/12",
        "sales": 9020.0,
        "operating_profit": 1280.0,
        "ordinary_profit": 1240.0,
        "net_profit": 625.0,
        "roe": 64.72,
        "roa": 5.92,
        "operating_margin": 4.35,
        "cost_ratio": 14.16,
        "sga_ratio": 48.95
      },
      {
        "fiscal_year": "2010/12",
        "sales": 9100.0,
        "operating_profit": 1230.0,
        "ordinary_profit": 1110.0,
        "net_profit": 668.0,
        "roe": 69.07,
        "roa": 6.21,
        "operating_margin": 4.53,
        "cost_ratio": 13.53,
        "sga_ratio": 49.29
      },
      {
        "fiscal_year": "2011/12",
        "sales": 9330.0,
        "operating_profit": 1000.0,
        "ordinary_profit": 983.0,
        "net_profit": 583.0,
        "eps": 567.0,
        "roe": 60.36,
        "roa": 5.3,
        "operating_margin": 3.82,
        "cost_ratio": 10.74,
        "sga_ratio": 51.71
      },
      {
        "fiscal_year": "2012/12",
        "sales": 9330.0,
        "operating_profit": 740.0,
        "ordinary_profit": 918.0,
        "net_profit": 512.0,
        "eps": 778.0,
        "roe": 53.01,
        "roa": 4.47,
        "operating_margin": 3.1,
        "cost_ratio": 7.93,
        "sga_ratio": 53.86
      },
      {
        "fiscal_year": "2013/12",
        "sales": 9880.0,
        "operating_profit": 825.0,
        "ordinary_profit": 952.9999999999999,
        "net_profit": 534.0,
        "eps": 1220.0,
        "roe": 55.49,
        "roa": 4.32,
        "operating_margin": 3.06,
        "cost_ratio": 8.35,
        "sga_ratio": 55.69
      },
      {
        "fiscal_year": "2014/12",
        "sales": 9940.0,
        "operating_profit": 784.0,
        "ordinary_profit": 1000.0,
        "net_profit": 490.0,
        "eps": 902.9999999999999,
        "roe": 50.96,
        "roa": 3.8,
        "operating_margin": 2.74,
        "cost_ratio": 7.89,
        "sga_ratio": 57.19
      },
      {
        "fiscal_year": "2015/12",
        "sales": 9650.0,
        "operating_profit": 648.0,
        "ordinary_profit": 655.0,
        "net_profit": 333.0,
        "eps": 218.00000000000003,
        "roe": 34.64,
        "roa": 2.53,
        "operating_margin": 1.94,
        "cost_ratio": 6.72,
        "sga_ratio": 56.36
      },
      {
        "fiscal_year": "2016/12",
        "sales": 10000.0,
        "operating_profit": 754.0,
        "ordinary_profit": 821.0000000000001,
        "net_profit": 517.0,
        "eps": 48.0,
        "roe": 54.73,
        "roa": 4.1,
        "operating_margin": 2.93,
        "cost_ratio": 7.54,
        "sga_ratio": 54.98
      },
      {
        "fiscal_year": "2017/12",
        "sales": 10400.0,
        "operating_profit": 853.9999999999999,
        "ordinary_profit": 881.0,
        "net_profit": 468.0,
        "eps": 591.0,
        "roe": 50.23,
        "roa": 3.64,
        "operating_margin": 2.71,
        "cost_ratio": 8.22,
        "sga_ratio": 52.64
      },
      {
        "fiscal_year": "2018/12",
        "sales": 10800.0,
        "operating_profit": 994.0,
        "ordinary_profit": 1000.0,
        "net_profit": 673.0,
        "eps": 344.0,
        "roe": 72.2,
        "roa": 5.22,
        "operating_margin": 3.9,
        "cost_ratio": 9.2,
        "sga_ratio": 53.28
      },
      {
        "fiscal_year": "2019/12",
        "sales": 10800.0,
        "operating_profit": 1080.0,
        "ordinary_profit": 1070.0,
        "net_profit": 725.0,
        "eps": 643.0,
        "roe": 77.83,
        "roa": 5.5,
        "operating_margin": 4.23,
        "cost_ratio": 9.99,
        "sga_ratio": 51.79
      },
      {
        "fiscal_year": "2020/12",
        "sales": 10800.0,
        "operating_profit": 985.0,
        "ordinary_profit": 952.9999999999999,
        "net_profit": 660.0,
        "eps": 620.0,
        "roe": 71.19,
        "roa": 4.99,
        "operating_margin": 3.86,
        "cost_ratio": 9.09,
        "sga_ratio": 53.12
      },
      {
        "fiscal_year": "2021/12",
        "sales": 11700.0,
        "operating_profit": 867.0,
        "ordinary_profit": 1010.0,
        "net_profit": 660.0,
        "eps": 1330.0,
        "roe": 72.61,
        "roa": 4.6,
        "operating_margin": 3.65,
        "cost_ratio": 7.41,
        "sga_ratio": 55.04
      },
      {
        "fiscal_year": "2022/12",
        "sales": 12300.0,
        "operating_profit": 741.0,
        "ordinary_profit": 835.0,
        "net_profit": 482.0,
        "eps": 1019.9999999999999,
        "roe": 53.0,
        "roa": 3.28,
        "operating_margin": 2.56,
        "cost_ratio": 6.01,
        "sga_ratio": 56.23
      },
      {
        "fiscal_year": "2023/12",
        "sales": 12600.0,
        "operating_profit": 802.9999999999999,
        "ordinary_profit": 873.0,
        "net_profit": 154.0,
        "eps": 554.0,
        "roe": 16.92,
        "roa": 1.03,
        "operating_margin": 0.8,
        "cost_ratio": 6.38,
        "sga_ratio": 56.47
      },
      {
        "fiscal_year": "2024/12",
        "sales": 13000.0,
        "operating_profit": 868.0,
        "ordinary_profit": 900.0,
        "net_profit": 967.0,
        "roe": 100.06,
        "roa": 6.44,
        "operating_margin": 5.14,
        "cost_ratio": 6.66
      }
    ],
    "dividend_data": [
      {
        "fiscal_year": "2009/03",
        "total_dividend": 33.0,
        "dividend_yield": 3.82
      },
      {
        "fiscal_year": "2010/03",
        "total_dividend": 33.0,
        "dividend_yield": 3.89
      },
      {
        "fiscal_year": "2011/03",
        "total_dividend": 33.0,
        "dividend_yield": 4.09
      },
      {
        "fiscal_year": "2012/03",
        "total_dividend": 33.0,
        "dividend_yield": 4.19
      }
    ]
  },
  {
    "code": "6376",
    "name": "日機装",
    "annual_data": [
      {
        "date": "2010/03/31",
        "per": 16.96,
        "pbr": 1.17,
        "is_per_red": false,
        "is_pbr_red": false
      },
      {
        "date": "2011/03/31",
        "per": 20.97,
        "pbr": 1.16,
        "is_per_red": false,
        "is_pbr_red": false
      },
      {
        "date": "2012/03/30",
        "per": 20.99,
        "pbr": 1.4,
        "is_per_red": false,
        "is_pbr_red": false
      },
      {
        "date": "2013/03/29",
        "per": 13.35,
        "pbr": 1.66,
        "is_per_red": false,
        "is_pbr_red": false
      },
      {
        "date": "2014/03/31",
        "per": 14.99,
        "pbr": 1.47,
        "is_per_red": false,
        "is_pbr_red": false
      },
      {
        "date": "2015/12/30",
        "per": 36.42,
        "pbr": 1.06,
        "is_per_red": false,
        "is_pbr_red": false
      },
      {
        "date": "2016/12/30",
        "per": 16.82,
        "pbr": 1.19,
        "is_per_red": false,
        "is_pbr_red": false
      },
      {
        "date": "2017/12/29",
        "per": 16.91,
        "pbr": 1.17,
        "is_per_red": false,
        "is_pbr_red": false
      },
      {
        "date": "2018/12/28",
        "per": 8.82,
        "pbr": 0.86,
        "is_per_red": false,
        "is_pbr_red": false
      },
      {
        "date": "2019/12/30",
        "per": 15.06,
        "pbr": 1.26,
        "is_per_red": false,
        "is_pbr_red": false
      },
      {
        "date": "2020/12/30",
        "per": 10.9,
        "pbr": 0.83,
        "is_per_red": false,
        "is_pbr_red": false
      },
      {
        "date": "2021/12/30",
        "per": 259.35,
        "pbr": 0.62,
        "is_per_red": false,
        "is_pbr_red": false
      },
      {
        "date": "2022/12/30",
        "per": 4.86,
        "pbr": 0.55,
        "is_per_red": false,
        "is_pbr_red": false
      },
      {
        "date": "2023/12/29",
        "per": 7.51,
        "pbr": 0.55,
        "is_per_red": false,
        "is_pbr_red": false
      }
    ],
    "daily_data": [],
    "financial_data": [
      {
        "fiscal_year": "2008/03",
        "sales": 72500.0,
        "operating_profit": 6909.999999999999,
        "ordinary_profit": 3660.0,
        "roe": 9.55,
        "roa": 4.01,
        "operating_margin": 9.52,
        "cost_ratio": 68.13,
        "sga_ratio": 22.34
      },
      {
        "fiscal_year": "2009/03",
        "sales": 72400.0,
        "operating_profit": 4770.0,
        "ordinary_profit": 1370.0,
        "roe": 3.64,
        "roa": 1.63,
        "operating_margin": 6.59,
        "cost_ratio": 70.86,
        "sga_ratio": 22.55
      },
      {
        "fiscal_year": "2010/03",
        "sales": 78000.0,
        "operating_profit": 5660.0,
        "ordinary_profit": 3240.0,
        "eps": 40.34,
        "roe": 6.9,
        "roa": 2.81,
        "operating_margin": 7.26,
        "cost_ratio": 68.92,
        "sga_ratio": 23.82
      },
      {
        "fiscal_year": "2011/03",
        "sales": 83100.0,
        "operating_profit": 5400.0,
        "ordinary_profit": 2680.0,
        "net_profit": 2500.0,
        "eps": 33.43,
        "roe": 5.52,
        "roa": 2.2,
        "operating_margin": 6.49,
        "cost_ratio": 67.62,
        "sga_ratio": 25.88
      },
      {
        "fiscal_year": "2012/03",
        "sales": 90100.0,
        "operating_profit": 6580.0,
        "ordinary_profit": 3320.0000000000005,
        "net_profit": 3870.0000000000005,
        "eps": 41.31,
        "roe": 6.69,
        "roa": 2.81,
        "operating_margin": 7.3,
        "cost_ratio": 67.13,
        "sga_ratio": 25.57
      },
      {
        "fiscal_year": "2013/03",
        "sales": 103700.0,
        "operating_profit": 7480.0,
        "ordinary_profit": 6900.0,
        "net_profit": 9150.0,
        "eps": 85.91,
        "roe": 12.42,
        "roa": 4.99,
        "operating_margin": 7.22,
        "cost_ratio": 66.97,
        "sga_ratio": 25.81
      },
      {
        "fiscal_year": "2014/03",
        "sales": 121500.0,
        "operating_profit": 9420.0,
        "ordinary_profit": 5900.0,
        "net_profit": 11700.0,
        "eps": 76.46,
        "roe": 9.8,
        "roa": 3.66,
        "operating_margin": 7.75,
        "cost_ratio": 63.84,
        "sga_ratio": 28.41
      },
      {
        "fiscal_year": "2015/03",
        "sales": 129300.0,
        "operating_profit": 6120.0,
        "ordinary_profit": 5100.0,
        "net_profit": 8820.0,
        "eps": 66.12,
        "roe": 7.98,
        "roa": 2.81,
        "operating_margin": 4.73,
        "cost_ratio": 62.93,
        "sga_ratio": 32.33
      },
      {
        "fiscal_year": "2015/12",
        "sales": 110200.0,
        "operating_profit": 3840.0,
        "ordinary_profit": 2030.0,
        "net_profit": -1989.9999999999998,
        "eps": 26.33,
        "roe": 2.91,
        "roa": 1.14,
        "operating_margin": 3.49,
        "cost_ratio": 62.93,
        "sga_ratio": 33.58
      },
      {
        "fiscal_year": "2016/12",
        "sales": 130000.0,
        "ordinary_profit": 4880.0,
        "net_profit": 2820.0,
        "eps": 66.07,
        "roe": 7.35,
        "roa": 2.75,
        "operating_margin": 3.76,
        "cost_ratio": 67.41,
        "sga_ratio": 31.01
      },
      {
        "fiscal_year": "2017/12",
        "sales": 140900.0,
        "operating_profit": 8720.0,
        "ordinary_profit": 5180.0,
        "net_profit": 9720.0,
        "eps": 72.8,
        "roe": 6.9,
        "roa": 2.12,
        "operating_margin": 6.19
      },
      {
        "fiscal_year": "2018/12",
        "sales": 165300.0,
        "operating_profit": 10300.0,
        "ordinary_profit": 7450.0,
        "net_profit": 2990.0,
        "eps": 104.62,
        "roe": 9.72,
        "roa": 2.98,
        "operating_margin": 6.23,
        "cost_ratio": 65.54,
        "sga_ratio": 28.5
      },
      {
        "fiscal_year": "2019/12",
        "sales": 165800.0,
        "operating_profit": 12500.0,
        "ordinary_profit": 6809.999999999999,
        "net_profit": 6320.0,
        "eps": 95.67,
        "roe": 8.36,
        "roa": 2.69,
        "operating_margin": 7.52,
        "cost_ratio": 66.95,
        "sga_ratio": 26.49
      },
      {
        "fiscal_year": "2020/12",
        "sales": 158500.0,
        "operating_profit": 10200.0,
        "ordinary_profit": 6559.999999999999,
        "net_profit": 6210.0,
        "eps": 92.08,
        "roe": 7.6,
        "roa": 2.4,
        "operating_margin": 6.45,
        "cost_ratio": 67.14,
        "sga_ratio": 27.27
      },
      {
        "fiscal_year": "2021/12",
        "sales": 167800.0,
        "operating_profit": 3130.0,
        "ordinary_profit": 221.0,
        "net_profit": 7300.0,
        "eps": 3.1,
        "roe": 0.24,
        "roa": 0.07,
        "operating_margin": 1.86,
        "cost_ratio": 69.51,
        "sga_ratio": 28.99
      },
      {
        "fiscal_year": "2022/12",
        "sales": 177100.0,
        "operating_profit": 34200.0,
        "ordinary_profit": 13600.0,
        "net_profit": 29100.0,
        "eps": 195.23,
        "roe": 11.94,
        "roa": 4.76,
        "operating_margin": 19.32
      },
      {
        "fiscal_year": "2023/12",
        "sales": 192600.0,
        "operating_profit": 5890.0,
        "ordinary_profit": 9070.0,
        "net_profit": 12000.0,
        "eps": 137.07,
        "roe": 7.29,
        "roa": 3.06,
        "operating_margin": 3.06,
        "cost_ratio": 73.54,
        "sga_ratio": 24.09
      },
      {
        "fiscal_year": "2024/12",
        "sales": 213000.0,
        "operating_profit": 7000.0,
        "ordinary_profit": 8800.0,
        "eps": 127.21,
        "roe": 6.87,
        "roa": 2.83,
        "operating_margin": 3.29
      }
    ],
    "dividend_data": [
      {
        "fiscal_year": "2010/03",
        "total_dividend": 12.0,
        "dividend_yield": 1.75
      },
      {
        "fiscal_year": "2011/03",
        "total_dividend": 12.0,
        "dividend_yield": 1.71
      },
      {
        "fiscal_year": "2012/03",
        "total_dividend": 12.0,
        "dividend_yield": 1.38
      },
      {
        "fiscal_year": "2013/03",
        "total_dividend": 14.0,
        "dividend_yield": 1.22
      }
    ]
  },
  {
    "code": "7600",
    "name": "日本エム・ディ・エム",
    "annual_data": [
      {
        "date": "2009/05/29",
        "per": -1,
        "pbr": 0.33,
        "is_per_red": true,
        "is_pbr_red": false
      },
      {
        "date": "2010/05/31",
        "per": -1,
        "pbr": 0.53,
        "is_per_red": true,
        "is_pbr_red": false
      },
      {
        "date": "2011/05/31",
        "per": 72.86,
        "pbr": 0.45,
        "is_per_red": false,
        "is_pbr_red": false
      },
      {
        "date": "2012/03/30",
        "per": -1,
        "pbr": 0.65,
        "is_per_red": true,
        "is_pbr_red": false
      },
      {
        "date": "2013/03/29",
        "per": -1,
        "pbr": 0.82,
        "is_per_red": true,
        "is_pbr_red": false
      },
      {
        "date": "2014/03/31",
        "per": 27.89,
        "pbr": 0.72,
        "is_per_red": false,
        "is_pbr_red": false
      },
      {
        "date": "2015/03/31",
        "per": -1,
        "pbr": 1.49,
        "is_per_red": true,
        "is_pbr_red": false
      },
      {
        "date": "2016/03/31",
        "per": 20.1,
        "pbr": 1.42,
        "is_per_red": false,
        "is_pbr_red": false
      },
      {
        "date": "2017/03/31",
        "per": 18.19,
        "pbr": 1.67,
        "is_per_red": false,
        "is_pbr_red": false
      },
      {
        "date": "2018/03/30",
        "per": 18.43,
        "pbr": 1.99,
        "is_per_red": false,
        "is_pbr_red": false
      },
      {
        "date": "2019/03/29",
        "per": 14.43,
        "pbr": 1.89,
        "is_per_red": false,
        "is_pbr_red": false
      },
      {
        "date": "2020/03/31",
        "per": 19.93,
        "pbr": 2.55,
        "is_per_red": false,
        "is_pbr_red": false
      },
      {
        "date": "2021/03/31",
        "per": 35.9,
        "pbr": 3.21,
        "is_per_red": false,
        "is_pbr_red": false
      },
      {
        "date": "2022/03/31",
        "per": 20.23,
        "pbr": 2.02,
        "is_per_red": false,
        "is_pbr_red": false
      },
      {
        "date": "2023/03/31",
        "per": 19.27,
        "pbr": 1.18,
        "is_per_red": false,
        "is_pbr_red": false
      },
      {
        "date": "2024/03/29",
        "per": 15.21,
        "pbr": 0.76,
        "is_per_red": false,
        "is_pbr_red": false
      }
    ],
    "daily_data": [],
    "financial_data": [
      {
        "fiscal_year": "2008/05",
        "sales": 11400.0,
        "operating_profit": 916.0,
        "ordinary_profit": 354.0,
        "net_profit": 287.0,
        "roa": 2.39,
        "operating_margin": 1.15,
        "cost_ratio": 8.0,
        "sga_ratio": 33.6
      },
      {
        "fiscal_year": "2009/05",
        "sales": 10400.0,
        "operating_profit": 352.0,
        "ordinary_profit": 56.99999999999999,
        "net_profit": -227.0,
        "roe": -8.56,
        "roa": -1,
        "operating_margin": -1,
        "cost_ratio": 3.39,
        "sga_ratio": 40.27
      },
      {
        "fiscal_year": "2010/05",
        "sales": 9890.0,
        "operating_profit": 818.0,
        "ordinary_profit": 476.0,
        "net_profit": -2360.0,
        "roe": -89.08,
        "roa": -1,
        "operating_margin": -1,
        "cost_ratio": 8.27,
        "sga_ratio": 37.4
      },
      {
        "fiscal_year": "2011/05",
        "sales": 9530.0,
        "operating_profit": 536.0,
        "ordinary_profit": 204.0,
        "net_profit": 71.0,
        "eps": 38.0,
        "roe": 2.69,
        "roa": 0.61,
        "operating_margin": 0.4,
        "cost_ratio": 5.62,
        "sga_ratio": 39.33
      },
      {
        "fiscal_year": "2012/03",
        "sales": 8120.0,
        "operating_profit": 342.0,
        "ordinary_profit": 173.0,
        "net_profit": -178.0,
        "eps": -236.0,
        "roe": -6.73,
        "roa": -1,
        "operating_margin": -1,
        "cost_ratio": 4.21,
        "sga_ratio": 39.79
      },
      {
        "fiscal_year": "2013/03",
        "sales": 8130.0,
        "operating_profit": -152.0,
        "ordinary_profit": -396.0,
        "net_profit": -398.0,
        "eps": -237.0,
        "roe": -15.03,
        "roa": -1,
        "operating_margin": -1,
        "cost_ratio": -1.87,
        "sga_ratio": 34.87
      },
      {
        "fiscal_year": "2014/03",
        "sales": 9460.0,
        "operating_profit": 661.0,
        "ordinary_profit": 476.0,
        "net_profit": 287.0,
        "eps": 444.00000000000006,
        "roe": 10.83,
        "roa": 2.59,
        "operating_margin": 1.47,
        "cost_ratio": 6.99,
        "sga_ratio": 29.4
      },
      {
        "fiscal_year": "2015/03",
        "sales": 11900.0,
        "operating_profit": 1300.0,
        "ordinary_profit": 1090.0,
        "net_profit": -392.0,
        "eps": -65.0,
        "roe": -14.8,
        "roa": -1,
        "operating_margin": -1,
        "cost_ratio": 10.93,
        "sga_ratio": 30.1
      },
      {
        "fiscal_year": "2016/03",
        "sales": 13000.0,
        "operating_profit": 1710.0000000000002,
        "ordinary_profit": 1540.0,
        "net_profit": 801.0,
        "eps": 609.0,
        "roe": 30.25,
        "roa": 7.07,
        "operating_margin": 3.98,
        "cost_ratio": 13.11,
        "sga_ratio": 29.34
      },
      {
        "fiscal_year": "2017/03",
        "sales": 13600.0,
        "operating_profit": 1910.0000000000002,
        "ordinary_profit": 1750.0,
        "net_profit": 1130.0,
        "eps": 1170.0,
        "roe": 42.78,
        "roa": 9.22,
        "operating_margin": 5.25,
        "cost_ratio": 14.01,
        "sga_ratio": 28.77
      },
      {
        "fiscal_year": "2018/03",
        "sales": 14800.0,
        "operating_profit": 2050.0,
        "ordinary_profit": 1960.0000000000002,
        "net_profit": 1430.0,
        "eps": 1160.0,
        "roe": 53.99,
        "roa": 10.77,
        "operating_margin": 6.83,
        "cost_ratio": 13.81,
        "sga_ratio": 28.14
      },
      {
        "fiscal_year": "2019/03",
        "sales": 16700.0,
        "operating_profit": 2230.0,
        "ordinary_profit": 2210.0,
        "net_profit": 1980.0,
        "eps": 2180.0,
        "roe": 75.17,
        "roa": 13.07,
        "operating_margin": 8.45,
        "cost_ratio": 13.36,
        "sga_ratio": 29.39
      },
      {
        "fiscal_year": "2020/03",
        "sales": 18100.0,
        "operating_profit": 2640.0,
        "ordinary_profit": 2580.0,
        "net_profit": 2160.0,
        "eps": 2030.0,
        "roe": 82.02,
        "roa": 12.79,
        "operating_margin": 8.69,
        "cost_ratio": 14.62,
        "sga_ratio": 29.19
      },
      {
        "fiscal_year": "2021/03",
        "sales": 16700.0,
        "operating_profit": 2170.0,
        "ordinary_profit": 2130.0,
        "net_profit": 1660.0000000000002,
        "eps": 1980.0,
        "roe": 63.09,
        "roa": 8.94,
        "operating_margin": 6.61,
        "cost_ratio": 12.96,
        "sga_ratio": 31.78
      },
      {
        "fiscal_year": "2022/03",
        "sales": 19200.0,
        "operating_profit": 2660.0,
        "ordinary_profit": 2590.0,
        "net_profit": 2140.0,
        "eps": 3070.0,
        "roe": 80.95,
        "roa": 9.99,
        "operating_margin": 7.81,
        "cost_ratio": 13.87,
        "sga_ratio": 32.33
      },
      {
        "fiscal_year": "2023/03",
        "sales": 21300.0,
        "operating_profit": 2020.0,
        "ordinary_profit": 2039.9999999999998,
        "net_profit": 1420.0,
        "eps": 2210.0,
        "roe": 54.03,
        "roa": 6.15,
        "operating_margin": 4.84,
        "cost_ratio": 9.5,
        "sga_ratio": 34.33
      },
      {
        "fiscal_year": "2024/03",
        "sales": 23200.0,
        "operating_profit": 1750.0,
        "ordinary_profit": 1839.9999999999998,
        "net_profit": 1270.0,
        "eps": 2690.0,
        "roe": 48.31,
        "roa": 4.98,
        "operating_margin": 4.04,
        "cost_ratio": 7.54,
        "sga_ratio": 36.31
      },
      {
        "fiscal_year": "2025/03",
        "sales": 25200.0,
        "operating_profit": 1850.0,
        "ordinary_profit": 1850.0,
        "net_profit": 1300.0,
        "roe": 49.36,
        "roa": 5.24,
        "operating_margin": 4.17,
        "cost_ratio": 7.34
      }
    ],
    "dividend_data": [
      {
        "fiscal_year": "2009/03",
        "total_dividend": 2.81
      },
      {
        "fiscal_year": "2010/03",
        "total_dividend": 2.13
      },
      {
        "fiscal_year": "2011/03",
        "total_dividend": 2.55
      },
      {
        "fiscal_year": "2012/03",
        "total_dividend": 1.82
      },
      {
        "fiscal_year": "2013/03",
        "total_dividend": 1.5
      }
    ]
  },
  {
    "code": "7701",
    "name": "島津製作所",
    "annual_data": [
      {
        "date": "2010/03/31",
        "per": 36.18,
        "pbr": 1.45,
        "is_per_red": false,
        "is_pbr_red": false
      },
      {
        "date": "2011/03/31",
        "per": 21.78,
        "pbr": 1.4,
        "is_per_red": false,
        "is_pbr_red": false
      },
      {
        "date": "2012/03/30",
        "per": 24.35,
        "pbr": 1.37,
        "is_per_red": false,
        "is_pbr_red": false
      },
      {
        "date": "2013/03/29",
        "per": 26.21,
        "pbr": 1.15,
        "is_per_red": false,
        "is_pbr_red": false
      },
      {
        "date": "2014/03/31",
        "per": 27.81,
        "pbr": 1.49,
        "is_per_red": false,
        "is_pbr_red": false
      },
      {
        "date": "2015/03/31",
        "per": 21.44,
        "pbr": 1.89,
        "is_per_red": false,
        "is_pbr_red": false
      },
      {
        "date": "2016/03/31",
        "per": 21.78,
        "pbr": 2.37,
        "is_per_red": false,
        "is_pbr_red": false
      },
      {
        "date": "2017/03/31",
        "per": 19.7,
        "pbr": 2.16,
        "is_per_red": false,
        "is_pbr_red": false
      },
      {
        "date": "2018/03/30",
        "per": 29.55,
        "pbr": 3.29,
        "is_per_red": false,
        "is_pbr_red": false
      },
      {
        "date": "2019/03/29",
        "per": 28.98,
        "pbr": 3.27,
        "is_per_red": false,
        "is_pbr_red": false
      },
      {
        "date": "2020/03/31",
        "per": 26.38,
        "pbr": 2.77,
        "is_per_red": false,
        "is_pbr_red": false
      },
      {
        "date": "2021/03/31",
        "per": 32.69,
        "pbr": 3.52,
        "is_per_red": false,
        "is_pbr_red": false
      },
      {
        "date": "2022/03/31",
        "per": 26.39,
        "pbr": 3.27,
        "is_per_red": false,
        "is_pbr_red": false
      },
      {
        "date": "2023/03/31",
        "per": 23.44,
        "pbr": 2.88,
        "is_per_red": false,
        "is_pbr_red": false
      },
      {
        "date": "2024/03/29",
        "per": 21.86,
        "pbr": 2.53,
        "is_per_red": false,
        "is_pbr_red": false
      }
    ],
    "daily_data": [],
    "financial_data": [
      {
        "fiscal_year": "2008/03",
        "sales": 290000.0,
        "operating_profit": 27600.0,
        "ordinary_profit": 23900.0,
        "net_profit": 13700.0,
        "roa": 9.13,
        "operating_margin": 4.52,
        "cost_ratio": 9.52,
        "sga_ratio": 61.17
      },
      {
        "fiscal_year": "2009/03",
        "sales": 272800.0,
        "operating_profit": 19600.0,
        "ordinary_profit": 17700.0,
        "net_profit": 8540.0,
        "roa": 5.81,
        "operating_margin": 3.04,
        "cost_ratio": 7.19,
        "sga_ratio": 61.53
      },
      {
        "fiscal_year": "2010/03",
        "sales": 238300.0,
        "operating_profit": 10300.0,
        "ordinary_profit": 9820.0,
        "net_profit": 6130.0,
        "roe": 20.7,
        "roa": 4.01,
        "operating_margin": 2.16,
        "cost_ratio": 4.32,
        "sga_ratio": 63.46
      },
      {
        "fiscal_year": "2011/03",
        "sales": 252700.0,
        "operating_profit": 16300.0,
        "ordinary_profit": 15300.0,
        "net_profit": 10000.0,
        "eps": 5770.0,
        "roe": 33.93,
        "roa": 6.42,
        "operating_margin": 3.53,
        "cost_ratio": 6.45,
        "sga_ratio": 62.2
      },
      {
        "fiscal_year": "2012/03",
        "sales": 266300.0,
        "operating_profit": 19400.0,
        "ordinary_profit": 18700.0,
        "net_profit": 9080.0,
        "eps": 7309.999999999999,
        "roe": 30.68,
        "roa": 5.63,
        "operating_margin": 3.12,
        "cost_ratio": 7.27,
        "sga_ratio": 62.11
      },
      {
        "fiscal_year": "2013/03",
        "sales": 264000.0,
        "operating_profit": 12100.0,
        "ordinary_profit": 13500.0,
        "net_profit": 7580.0,
        "eps": 14500.0,
        "roe": 25.6,
        "roa": 4.37,
        "operating_margin": 2.52,
        "cost_ratio": 4.59,
        "sga_ratio": 63.63
      },
      {
        "fiscal_year": "2014/03",
        "sales": 307500.0,
        "operating_profit": 24000.0,
        "ordinary_profit": 24800.0,
        "net_profit": 9720.0,
        "eps": 16200.0,
        "roe": 32.97,
        "roa": 5.35,
        "operating_margin": 2.85,
        "cost_ratio": 7.81,
        "sga_ratio": 61.64
      },
      {
        "fiscal_year": "2015/03",
        "sales": 314700.0,
        "operating_profit": 27200.0,
        "ordinary_profit": 28400.0,
        "net_profit": 18400.0,
        "eps": 31000.0,
        "roe": 62.55,
        "roa": 8.79,
        "operating_margin": 5.43,
        "cost_ratio": 8.64,
        "sga_ratio": 59.64
      },
      {
        "fiscal_year": "2016/03",
        "sales": 342200.0,
        "operating_profit": 35700.0,
        "ordinary_profit": 34800.0,
        "net_profit": 23900.0,
        "eps": 15100.0,
        "roe": 81.05,
        "roa": 10.88,
        "operating_margin": 6.84,
        "cost_ratio": 10.43,
        "sga_ratio": 58.98
      },
      {
        "fiscal_year": "2017/03",
        "sales": 342500.0,
        "operating_profit": 37100.0,
        "ordinary_profit": 37000.0,
        "net_profit": 26500.0,
        "eps": 27800.0,
        "roe": 89.79,
        "roa": 10.97,
        "operating_margin": 7.06,
        "cost_ratio": 10.83,
        "sga_ratio": 60.17
      },
      {
        "fiscal_year": "2018/03",
        "sales": 376500.0,
        "operating_profit": 42800.0,
        "ordinary_profit": 41900.0,
        "net_profit": 29800.0,
        "eps": 33200.0,
        "roe": 101.26,
        "roa": 11.15,
        "operating_margin": 7.13,
        "cost_ratio": 11.37,
        "sga_ratio": 60.21
      },
      {
        "fiscal_year": "2019/03",
        "sales": 391200.0,
        "operating_profit": 44500.0,
        "ordinary_profit": 45500.0,
        "net_profit": 32500.0,
        "eps": 28200.0,
        "roe": 110.41,
        "roa": 11.3,
        "operating_margin": 7.44,
        "cost_ratio": 11.37,
        "sga_ratio": 59.83
      },
      {
        "fiscal_year": "2020/03",
        "sales": 385400.0,
        "operating_profit": 41800.0,
        "ordinary_profit": 42700.0,
        "net_profit": 31800.0,
        "eps": 24300.0,
        "roe": 107.84,
        "roa": 10.49,
        "operating_margin": 7.26,
        "cost_ratio": 10.86,
        "sga_ratio": 60.45
      },
      {
        "fiscal_year": "2021/03",
        "sales": 393500.0,
        "operating_profit": 49700.0,
        "ordinary_profit": 48400.0,
        "net_profit": 36100.0,
        "eps": 51000.0,
        "roe": 122.52,
        "roa": 10.76,
        "operating_margin": 7.26,
        "cost_ratio": 12.64,
        "sga_ratio": 60.31
      },
      {
        "fiscal_year": "2022/03",
        "sales": 428200.0,
        "operating_profit": 63800.0,
        "ordinary_profit": 65600.0,
        "net_profit": 47300.0,
        "eps": 57100.0,
        "roe": 160.49,
        "roa": 12.41,
        "operating_margin": 8.44,
        "cost_ratio": 14.9,
        "sga_ratio": 58.28
      },
      {
        "fiscal_year": "2023/03",
        "sales": 482200.0,
        "operating_profit": 68200.0,
        "ordinary_profit": 70900.0,
        "net_profit": 52000.0,
        "eps": 57000.0,
        "roe": 176.63,
        "roa": 12.29,
        "operating_margin": 8.41,
        "cost_ratio": 14.15,
        "sga_ratio": 58.33
      },
      {
        "fiscal_year": "2024/03",
        "sales": 511900.0,
        "operating_profit": 72800.0,
        "ordinary_profit": 76900.0,
        "net_profit": 57000.0,
        "eps": 85400.0,
        "roe": 193.54,
        "roa": 11.59,
        "operating_margin": 8.46,
        "cost_ratio": 14.21,
        "sga_ratio": 56.86
      },
      {
        "fiscal_year": "2025/03",
        "sales": 540000.0,
        "operating_profit": 76000.0,
        "ordinary_profit": 77000.0,
        "net_profit": 58000.0,
        "roe": 197.25,
        "roa": 11.82,
        "operating_margin": 8.92,
        "cost_ratio": 14.07
      }
    ],
    "dividend_data": [
      {
        "fiscal_year": "2010/03",
        "total_dividend": 7.0,
        "dividend_yield": 0.93
      },
      {
        "fiscal_year": "2011/03",
        "total_dividend": 8.0,
        "dividend_yield": 1.08
      },
      {
        "fiscal_year": "2012/03",
        "total_dividend": 8.0,
        "dividend_yield": 1.07
      },
      {
        "fiscal_year": "2013/03",
        "total_dividend": 9.0,
        "dividend_yield": 1.34
      }
    ]
  },
  {
    "code": "7702",
    "name": "ＪＭＳ",
    "annual_data": [
      {
        "date": "2010/03/31",
        "per": 11.09,
        "pbr": 0.69,
        "is_per_red": false,
        "is_pbr_red": false
      },
      {
        "date": "2011/03/31",
        "per": 9.51,
        "pbr": 0.5,
        "is_per_red": false,
        "is_pbr_red": false
      },
      {
        "date": "2012/03/30",
        "per": 12.61,
        "pbr": 0.47,
        "is_per_red": false,
        "is_pbr_red": false
      },
      {
        "date": "2013/03/29",
        "per": 13.91,
        "pbr": 0.6,
        "is_per_red": false,
        "is_pbr_red": false
      },
      {
        "date": "2014/03/31",
        "per": 72.32,
        "pbr": 0.49,
        "is_per_red": false,
        "is_pbr_red": false
      },
      {
        "date": "2015/03/31",
        "per": 103.51,
        "pbr": 0.46,
        "is_per_red": false,
        "is_pbr_red": false
      },
      {
        "date": "2016/03/31",
        "per": 19.08,
        "pbr": 0.47,
        "is_per_red": false,
        "is_pbr_red": false
      },
      {
        "date": "2017/03/31",
        "per": 13.86,
        "pbr": 0.53,
        "is_per_red": false,
        "is_pbr_red": false
      },
      {
        "date": "2018/03/30",
        "per": 24.22,
        "pbr": 0.49,
        "is_per_red": false,
        "is_pbr_red": false
      },
      {
        "date": "2019/03/29",
        "per": 14.08,
        "pbr": 0.51,
        "is_per_red": false,
        "is_pbr_red": false
      },
      {
        "date": "2020/03/31",
        "per": 10.78,
        "pbr": 0.66,
        "is_per_red": false,
        "is_pbr_red": false
      },
      {
        "date": "2021/03/31",
        "per": 13.75,
        "pbr": 0.69,
        "is_per_red": false,
        "is_pbr_red": false
      },
      {
        "date": "2022/03/31",
        "per": 18.04,
        "pbr": 0.4,
        "is_per_red": false,
        "is_pbr_red": false
      },
      {
        "date": "2023/03/31",
        "per": 45.48,
        "pbr": 0.33,
        "is_per_red": false,
        "is_pbr_red": false
      },
      {
        "date": "2024/03/29",
        "per": -1,
        "pbr": 0.32,
        "is_per_red": true,
        "is_pbr_red": false
      }
    ],
    "daily_data": [],
    "financial_data": [
      {
        "fiscal_year": "2008/03",
        "sales": 43500.0,
        "operating_profit": 1010.0,
        "ordinary_profit": 165.0,
        "net_profit": 1019.9999999999999,
        "roa": 4.41,
        "operating_margin": 2.37,
        "cost_ratio": 2.33,
        "sga_ratio": 70.72
      },
      {
        "fiscal_year": "2009/03",
        "sales": 44400.0,
        "operating_profit": 1889.9999999999998,
        "ordinary_profit": 1739.9999999999998,
        "net_profit": 1180.0,
        "roa": 5.19,
        "operating_margin": 2.83,
        "cost_ratio": 4.26,
        "sga_ratio": 70.53
      },
      {
        "fiscal_year": "2010/03",
        "sales": 45100.0,
        "operating_profit": 2380.0,
        "ordinary_profit": 2440.0,
        "net_profit": 1510.0,
        "roe": 34.35,
        "roa": 6.2,
        "operating_margin": 3.45,
        "cost_ratio": 5.27,
        "sga_ratio": 69.82
      },
      {
        "fiscal_year": "2011/03",
        "sales": 45600.0,
        "operating_profit": 1710.0000000000002,
        "ordinary_profit": 1830.0,
        "net_profit": 1290.0,
        "eps": 716.0,
        "roe": 29.44,
        "roa": 5.23,
        "operating_margin": 2.93,
        "cost_ratio": 3.74,
        "sga_ratio": 70.99
      },
      {
        "fiscal_year": "2012/03",
        "sales": 46800.0,
        "operating_profit": 1050.0,
        "ordinary_profit": 1380.0,
        "net_profit": 942.0,
        "eps": 809.0,
        "roe": 21.48,
        "roa": 3.75,
        "operating_margin": 2.07,
        "cost_ratio": 2.25,
        "sga_ratio": 72.8
      },
      {
        "fiscal_year": "2013/03",
        "sales": 49100.0,
        "operating_profit": 1590.0,
        "ordinary_profit": 1880.0,
        "net_profit": 1280.0,
        "eps": 2840.0,
        "roe": 25.82,
        "roa": 4.34,
        "operating_margin": 2.49,
        "cost_ratio": 3.25,
        "sga_ratio": 72.61
      },
      {
        "fiscal_year": "2014/03",
        "sales": 53900.0,
        "operating_profit": 900.0,
        "ordinary_profit": 1190.0,
        "net_profit": 206.99999999999997,
        "eps": 1540.0,
        "roe": 4.24,
        "roa": 0.68,
        "operating_margin": 0.39,
        "cost_ratio": 1.67,
        "sga_ratio": 74.71
      },
      {
        "fiscal_year": "2015/03",
        "sales": 55400.0,
        "operating_profit": 378.0,
        "ordinary_profit": 373.0,
        "net_profit": 139.0,
        "eps": 1290.0,
        "roe": 2.85,
        "roa": 0.44,
        "operating_margin": 0.23,
        "cost_ratio": 0.68,
        "sga_ratio": 75.72
      },
      {
        "fiscal_year": "2016/03",
        "sales": 57600.0,
        "operating_profit": 1420.0,
        "ordinary_profit": 1250.0,
        "net_profit": 754.0,
        "eps": -217.0,
        "roe": 15.47,
        "roa": 2.45,
        "operating_margin": 1.16,
        "cost_ratio": 2.47,
        "sga_ratio": 74.21
      },
      {
        "fiscal_year": "2017/03",
        "sales": 55600.0,
        "operating_profit": 1110.0,
        "ordinary_profit": 1450.0,
        "net_profit": 1180.0,
        "eps": 640.0,
        "roe": 24.25,
        "roa": 3.82,
        "operating_margin": 1.81,
        "cost_ratio": 1.99,
        "sga_ratio": 74.03
      },
      {
        "fiscal_year": "2018/03",
        "sales": 56500.0,
        "operating_profit": 573.0,
        "ordinary_profit": 819.9999999999999,
        "net_profit": 631.0,
        "eps": 880.0000000000001,
        "roe": 25.89,
        "roa": 2.01,
        "operating_margin": 0.94,
        "cost_ratio": 1.01,
        "sga_ratio": 74.73
      },
      {
        "fiscal_year": "2019/03",
        "sales": 58100.0,
        "operating_profit": 1460.0,
        "ordinary_profit": 1520.0,
        "net_profit": 1160.0,
        "eps": 727.0,
        "roe": 47.59,
        "roa": 3.65,
        "operating_margin": 1.72,
        "cost_ratio": 2.52,
        "sga_ratio": 74.48
      },
      {
        "fiscal_year": "2020/03",
        "sales": 58600.0,
        "operating_profit": 2310.0,
        "ordinary_profit": 2670.0,
        "net_profit": 1980.0,
        "eps": 944.9999999999999,
        "roe": 81.08,
        "roa": 6.11,
        "operating_margin": 2.97,
        "cost_ratio": 3.95,
        "sga_ratio": 73.3
      },
      {
        "fiscal_year": "2021/03",
        "sales": 57600.0,
        "operating_profit": 2130.0,
        "ordinary_profit": 2010.0000000000002,
        "net_profit": 1739.9999999999998,
        "eps": 2910.0,
        "roe": 71.12,
        "roa": 4.98,
        "operating_margin": 2.51,
        "cost_ratio": 3.69,
        "sga_ratio": 73.78
      },
      {
        "fiscal_year": "2022/03",
        "sales": 58200.0,
        "operating_profit": 980.0000000000001,
        "ordinary_profit": 1130.0,
        "net_profit": 826.0,
        "eps": 2520.0,
        "roe": 33.81,
        "roa": 2.23,
        "operating_margin": 1.15,
        "cost_ratio": 1.68,
        "sga_ratio": 75.47
      },
      {
        "fiscal_year": "2023/03",
        "sales": 63700.0,
        "operating_profit": 724.0,
        "ordinary_profit": 586.0,
        "net_profit": 281.0,
        "eps": 1960.0000000000002,
        "roe": 11.5,
        "roa": 0.73,
        "operating_margin": 0.38,
        "cost_ratio": 1.14,
        "sga_ratio": 77.1
      },
      {
        "fiscal_year": "2024/03",
        "sales": 65300.0,
        "operating_profit": -268.0,
        "ordinary_profit": 145.0,
        "net_profit": -36.0,
        "eps": 2430.0,
        "roe": -1.47,
        "roa": -1,
        "operating_margin": -1,
        "cost_ratio": -0.41,
        "sga_ratio": 78.41
      },
      {
        "fiscal_year": "2025/03",
        "sales": 70000.0,
        "operating_profit": 700.0,
        "ordinary_profit": 400.0,
        "net_profit": 100.0,
        "roe": 4.08,
        "roa": 0.25,
        "operating_margin": 0.12,
        "cost_ratio": 1.0
      }
    ],
    "dividend_data": [
      {
        "fiscal_year": "2010/03",
        "total_dividend": 7.0,
        "dividend_yield": 1.84
      },
      {
        "fiscal_year": "2011/03",
        "total_dividend": 7.5,
        "dividend_yield": 2.68
      },
      {
        "fiscal_year": "2012/03",
        "total_dividend": 8.0,
        "dividend_yield": 2.95
      },
      {
        "fiscal_year": "2013/03",
        "total_dividend": 8.0,
        "dividend_yield": 2.23
      }
    ]
  },
  {
    "code": "7707",
    "name": "プレシジョン・システム・サイエンス",
    "annual_data": [
      {
        "date": "2010/06/30",
        "per": 8.8,
        "pbr": 1.52,
        "is_per_red": false,
        "is_pbr_red": false
      },
      {
        "date": "2011/06/30",
        "per": -1,
        "pbr": 1.5,
        "is_per_red": true,
        "is_pbr_red": false
      },
      {
        "date": "2012/06/29",
        "per": -1,
        "pbr": 1.14,
        "is_per_red": true,
        "is_pbr_red": false
      },
      {
        "date": "2013/06/28",
        "per": 23.28,
        "pbr": 4.8,
        "is_per_red": false,
        "is_pbr_red": false
      },
      {
        "date": "2014/06/30",
        "per": 20.34,
        "pbr": 3.1,
        "is_per_red": false,
        "is_pbr_red": false
      },
      {
        "date": "2015/06/30",
        "per": -1,
        "pbr": 4.54,
        "is_per_red": true,
        "is_pbr_red": false
      },
      {
        "date": "2016/06/30",
        "per": -1,
        "pbr": 2.08,
        "is_per_red": true,
        "is_pbr_red": false
      },
      {
        "date": "2017/06/30",
        "per": -1,
        "pbr": 5.96,
        "is_per_red": true,
        "is_pbr_red": false
      },
      {
        "date": "2018/06/29",
        "per": -1,
        "pbr": 3.43,
        "is_per_red": true,
        "is_pbr_red": false
      },
      {
        "date": "2019/06/28",
        "per": 79.81,
        "pbr": 2.69,
        "is_per_red": false,
        "is_pbr_red": false
      },
      {
        "date": "2020/06/30",
        "per": -1,
        "pbr": 15.06,
        "is_per_red": true,
        "is_pbr_red": false
      },
      {
        "date": "2021/06/30",
        "per": 28.44,
        "pbr": 3.5,
        "is_per_red": false,
        "is_pbr_red": false
      },
      {
        "date": "2022/06/30",
        "per": 317.07,
        "pbr": 2.21,
        "is_per_red": false,
        "is_pbr_red": false
      },
      {
        "date": "2023/06/30",
        "per": -1,
        "pbr": 1.81,
        "is_per_red": true,
        "is_pbr_red": false
      },
      {
        "date": "2024/06/28",
        "per": -1,
        "pbr": 1.27,
        "is_per_red": true,
        "is_pbr_red": false
      }
    ],
    "daily_data": [],
    "financial_data": [
      {
        "fiscal_year": "2008/06",
        "sales": 3400.0,
        "operating_profit": -141.0,
        "ordinary_profit": -248.0,
        "net_profit": -401.0,
        "roa": -1,
        "operating_margin": -1,
        "cost_ratio": -4.15,
        "sga_ratio": 57.16
      },
      {
        "fiscal_year": "2009/06",
        "sales": 3800.0,
        "operating_profit": 258.0,
        "ordinary_profit": 217.0,
        "net_profit": 74.0,
        "roa": 3.07,
        "operating_margin": 1.78,
        "cost_ratio": 6.79,
        "sga_ratio": 59.87
      },
      {
        "fiscal_year": "2010/06",
        "sales": 5640.0,
        "operating_profit": 719.0,
        "ordinary_profit": 654.0,
        "net_profit": 550.0,
        "roe": 30.13,
        "roa": 17.28,
        "operating_margin": 10.5,
        "cost_ratio": 12.75,
        "sga_ratio": 62.49
      },
      {
        "fiscal_year": "2011/06",
        "sales": 3140.0,
        "operating_profit": -432.0,
        "ordinary_profit": -425.0,
        "net_profit": -367.0,
        "eps": -373.0,
        "roe": -20.09,
        "roa": -1,
        "operating_margin": -1,
        "cost_ratio": -13.75,
        "sga_ratio": 65.37
      },
      {
        "fiscal_year": "2012/06",
        "sales": 3520.0000000000005,
        "operating_profit": -136.0,
        "ordinary_profit": -173.0,
        "net_profit": -189.0,
        "eps": -245.00000000000003,
        "roe": -10.36,
        "roa": -1,
        "operating_margin": -1,
        "cost_ratio": -3.87,
        "sga_ratio": 63.88
      },
      {
        "fiscal_year": "2013/06",
        "sales": 4029.9999999999995,
        "operating_profit": -126.0,
        "ordinary_profit": -71.0,
        "net_profit": 1010.0,
        "eps": 5410.0,
        "roe": 55.58,
        "roa": 20.6,
        "operating_margin": 8.83,
        "cost_ratio": -3.13,
        "sga_ratio": 65.42
      },
      {
        "fiscal_year": "2014/06",
        "sales": 3920.0000000000005,
        "operating_profit": -891.0,
        "ordinary_profit": -826.0,
        "net_profit": 612.0,
        "eps": -1670.0,
        "roe": 33.53,
        "roa": 15.22,
        "operating_margin": 8.38,
        "cost_ratio": -22.73,
        "sga_ratio": 67.69
      },
      {
        "fiscal_year": "2015/06",
        "sales": 5140.0,
        "operating_profit": -321.0,
        "ordinary_profit": -172.0,
        "net_profit": -215.0,
        "eps": -153.0,
        "roe": -11.79,
        "roa": -1,
        "operating_margin": -1,
        "cost_ratio": -6.23,
        "sga_ratio": 64.47
      },
      {
        "fiscal_year": "2016/06",
        "sales": 4460.0,
        "operating_profit": -738.0,
        "ordinary_profit": -821.0000000000001,
        "net_profit": -1580.0,
        "eps": -1870.0,
        "roe": -78.29,
        "roa": -1,
        "operating_margin": -1,
        "cost_ratio": -16.55,
        "sga_ratio": 68.63
      },
      {
        "fiscal_year": "2017/06",
        "sales": 3850.0,
        "operating_profit": -441.0,
        "ordinary_profit": -428.0,
        "net_profit": -555.0,
        "eps": -498.00000000000006,
        "roe": -26.5,
        "roa": -1,
        "operating_margin": -1,
        "cost_ratio": -11.45,
        "sga_ratio": 65.03
      },
      {
        "fiscal_year": "2018/06",
        "sales": 3640.0,
        "operating_profit": -386.0,
        "ordinary_profit": -385.0,
        "net_profit": -458.0,
        "eps": -459.99999999999994,
        "roe": -19.84,
        "roa": -1,
        "operating_margin": -1,
        "cost_ratio": -10.59,
        "sga_ratio": 63.97
      },
      {
        "fiscal_year": "2019/06",
        "sales": 4380.0,
        "operating_profit": 164.0,
        "ordinary_profit": 139.0,
        "net_profit": 130.0,
        "eps": 109.00000000000001,
        "roe": 5.35,
        "roa": 3.28,
        "operating_margin": 2.37,
        "cost_ratio": 3.74,
        "sga_ratio": 64.59
      },
      {
        "fiscal_year": "2020/06",
        "sales": 5070.0,
        "operating_profit": -82.0,
        "ordinary_profit": -91.0,
        "net_profit": -113.99999999999999,
        "eps": -120.0,
        "roe": -4.41,
        "roa": -1,
        "operating_margin": -1,
        "cost_ratio": -1.63,
        "sga_ratio": 69.26
      },
      {
        "fiscal_year": "2021/06",
        "sales": 9300.0,
        "operating_profit": 894.9999999999999,
        "ordinary_profit": 771.0,
        "net_profit": 796.0,
        "eps": 814.0,
        "roe": 29.25,
        "roa": 12.1,
        "operating_margin": 6.88,
        "cost_ratio": 9.63,
        "sga_ratio": 66.69
      },
      {
        "fiscal_year": "2022/06",
        "sales": 7430.0,
        "operating_profit": 152.0,
        "ordinary_profit": 176.0,
        "net_profit": 45.0,
        "eps": 100.0,
        "roe": 1.64,
        "roa": 0.7,
        "operating_margin": 0.4,
        "cost_ratio": 2.05,
        "sga_ratio": 66.55
      },
      {
        "fiscal_year": "2023/06",
        "sales": 5280.0,
        "operating_profit": -1110.0,
        "ordinary_profit": -1140.0,
        "net_profit": -1320.0,
        "eps": -1290.0,
        "roe": -47.93,
        "roa": -1,
        "operating_margin": -1,
        "cost_ratio": -21.08,
        "sga_ratio": 74.43
      },
      {
        "fiscal_year": "2024/06",
        "sales": 3979.9999999999995,
        "operating_profit": -956.0,
        "ordinary_profit": -1010.0,
        "net_profit": -1120.0,
        "eps": -1080.0,
        "roe": -40.59,
        "roa": -1,
        "operating_margin": -1,
        "cost_ratio": -24.03,
        "sga_ratio": 76.12
      },
      {
        "fiscal_year": "2025/06",
        "sales": 4530.0,
        "operating_profit": -45.0,
        "ordinary_profit": -59.0,
        "net_profit": -59.0,
        "roe": -2.14,
        "roa": -1,
        "operating_margin": -1,
        "cost_ratio": -0.99
      }
    ],
    "dividend_data": [
      {
        "fiscal_year": "2010/03",
        "total_dividend": 7.5,
        "dividend_yield": 2.83
      },
      {
        "fiscal_year": "2013/03",
        "total_dividend": 11.5,
        "dividend_yield": 0.89
      }
    ]
  },
  {
    "code": "7709",
    "name": "クボテック",
    "annual_data": [
      {
        "date": "2010/03/31",
        "per": -1,
        "pbr": 2.74,
        "is_per_red": true,
        "is_pbr_red": false
      },
      {
        "date": "2011/03/31",
        "per": 17.15,
        "pbr": 3.91,
        "is_per_red": false,
        "is_pbr_red": false
      },
      {
        "date": "2012/03/30",
        "per": -1,
        "pbr": 1.78,
        "is_per_red": true,
        "is_pbr_red": false
      },
      {
        "date": "2013/03/29",
        "per": -1,
        "pbr": 4.01,
        "is_per_red": true,
        "is_pbr_red": false
      },
      {
        "date": "2014/03/31",
        "per": -1,
        "pbr": 4.86,
        "is_per_red": true,
        "is_pbr_red": false
      },
      {
        "date": "2015/03/31",
        "per": 8.05,
        "pbr": 3.4,
        "is_per_red": false,
        "is_pbr_red": false
      },
      {
        "date": "2016/03/31",
        "per": -1,
        "pbr": 6.5,
        "is_per_red": true,
        "is_pbr_red": false
      },
      {
        "date": "2017/03/31",
        "per": 8071.43,
        "pbr": 7.15,
        "is_per_red": false,
        "is_pbr_red": false
      },
      {
        "date": "2018/03/30",
        "per": 60.27,
        "pbr": 6.02,
        "is_per_red": false,
        "is_pbr_red": false
      },
      {
        "date": "2019/03/29",
        "per": 45.83,
        "pbr": 3.54,
        "is_per_red": false,
        "is_pbr_red": false
      },
      {
        "date": "2020/03/31",
        "per": -1,
        "pbr": 3.19,
        "is_per_red": true,
        "is_pbr_red": false
      },
      {
        "date": "2021/03/31",
        "per": -1,
        "pbr": 4.61,
        "is_per_red": true,
        "is_pbr_red": false
      },
      {
        "date": "2022/03/31",
        "per": -1,
        "pbr": 3.83,
        "is_per_red": true,
        "is_pbr_red": false
      },
      {
        "date": "2023/03/31",
        "per": -1,
        "pbr": 4.22,
        "is_per_red": true,
        "is_pbr_red": false
      },
      {
        "date": "2024/03/29",
        "per": -1,
        "pbr": 7.12,
        "is_per_red": true,
        "is_pbr_red": false
      }
    ],
    "daily_data": [],
    "financial_data": [
      {
        "fiscal_year": "2008/03",
        "sales": 4870.0,
        "operating_profit": 296.0,
        "ordinary_profit": 272.0,
        "net_profit": 181.0,
        "roa": 9.81,
        "operating_margin": 3.07,
        "cost_ratio": 6.07,
        "sga_ratio": 65.86
      },
      {
        "fiscal_year": "2009/03",
        "sales": 5000.0,
        "operating_profit": 223.0,
        "ordinary_profit": 181.0,
        "net_profit": 126.0,
        "roa": 6.26,
        "operating_margin": 2.13,
        "cost_ratio": 4.45,
        "sga_ratio": 70.02
      },
      {
        "fiscal_year": "2010/03",
        "sales": 2550.0,
        "operating_profit": -435.0,
        "ordinary_profit": -475.0,
        "net_profit": -505.0,
        "roe": -36.48,
        "roa": -1,
        "operating_margin": -1,
        "cost_ratio": -17.05,
        "sga_ratio": 71.5
      },
      {
        "fiscal_year": "2011/03",
        "sales": 5040.0,
        "operating_profit": 531.0,
        "ordinary_profit": 510.0,
        "net_profit": 450.0,
        "eps": 471.0,
        "roe": 32.53,
        "roa": 22.79,
        "operating_margin": 7.26,
        "cost_ratio": 10.54,
        "sga_ratio": 67.29
      },
      {
        "fiscal_year": "2012/03",
        "sales": 3329.9999999999995,
        "operating_profit": -210.0,
        "ordinary_profit": -236.0,
        "net_profit": -262.0,
        "eps": -259.0,
        "roe": -18.95,
        "roa": -1,
        "operating_margin": -1,
        "cost_ratio": -6.3,
        "sga_ratio": 71.21
      },
      {
        "fiscal_year": "2013/03",
        "sales": 2000.0,
        "operating_profit": -639.0,
        "ordinary_profit": -635.0,
        "net_profit": -691.0,
        "eps": -676.0,
        "roe": -49.98,
        "roa": -1,
        "operating_margin": -1,
        "cost_ratio": -32.02,
        "sga_ratio": 77.41
      },
      {
        "fiscal_year": "2014/03",
        "sales": 2490.0,
        "operating_profit": -457.0,
        "ordinary_profit": -449.0,
        "net_profit": -263.0,
        "eps": -307.0,
        "roe": -19.11,
        "roa": -1,
        "operating_margin": -1,
        "cost_ratio": -18.36,
        "sga_ratio": 70.43
      },
      {
        "fiscal_year": "2015/03",
        "sales": 3460.0,
        "operating_profit": 119.0,
        "ordinary_profit": 111.0,
        "net_profit": 535.0,
        "eps": 535.0,
        "roe": 38.87,
        "roa": 42.26,
        "operating_margin": 13.5,
        "cost_ratio": 3.45,
        "sga_ratio": 62.79
      },
      {
        "fiscal_year": "2016/03",
        "sales": 2640.0,
        "operating_profit": -135.0,
        "ordinary_profit": -151.0,
        "net_profit": -169.0,
        "eps": -181.0,
        "roe": -12.27,
        "roa": -1,
        "operating_margin": -1,
        "cost_ratio": -5.11,
        "sga_ratio": 65.82
      },
      {
        "fiscal_year": "2017/03",
        "sales": 2730.0,
        "operating_profit": 26.0,
        "ordinary_profit": 12.0,
        "net_profit": 0.94,
        "eps": 2.4,
        "roe": 0.07,
        "roa": 0.09,
        "operating_margin": 0.03,
        "cost_ratio": 0.96,
        "sga_ratio": 66.26
      },
      {
        "fiscal_year": "2018/03",
        "sales": 3260.0,
        "operating_profit": 196.0,
        "ordinary_profit": 183.0,
        "net_profit": 123.0,
        "eps": 140.0,
        "roe": 8.91,
        "roa": 10.0,
        "operating_margin": 3.19,
        "cost_ratio": 6.0,
        "sga_ratio": 65.39
      },
      {
        "fiscal_year": "2019/03",
        "sales": 1639.9999999999998,
        "operating_profit": -743.0,
        "ordinary_profit": -632.0,
        "net_profit": 102.0,
        "eps": 100.0,
        "roe": 7.44,
        "roa": 7.72,
        "operating_margin": 2.85,
        "cost_ratio": -45.36,
        "sga_ratio": 91.3
      },
      {
        "fiscal_year": "2020/03",
        "sales": 1880.0,
        "operating_profit": -29.0,
        "ordinary_profit": -39.0,
        "net_profit": -101.0,
        "eps": -106.0,
        "roe": -7.34,
        "roa": -1,
        "operating_margin": -1,
        "cost_ratio": -1.54,
        "sga_ratio": 61.88
      },
      {
        "fiscal_year": "2021/03",
        "sales": 1070.0,
        "operating_profit": -131.0,
        "ordinary_profit": -140.0,
        "net_profit": -117.0,
        "eps": -104.0,
        "roe": -8.46,
        "roa": -1,
        "operating_margin": -1,
        "cost_ratio": -12.23,
        "sga_ratio": 59.74
      },
      {
        "fiscal_year": "2022/03",
        "sales": 1019.9999999999999,
        "operating_profit": -176.0,
        "ordinary_profit": -170.0,
        "net_profit": -122.0,
        "eps": -141.0,
        "roe": -8.83,
        "roa": -1,
        "operating_margin": -1,
        "cost_ratio": -17.29,
        "sga_ratio": 59.94
      },
      {
        "fiscal_year": "2023/03",
        "sales": 1220.0,
        "operating_profit": -194.0,
        "ordinary_profit": -180.0,
        "net_profit": -205.0,
        "eps": -257.0,
        "roe": -14.88,
        "roa": -1,
        "operating_margin": -1,
        "cost_ratio": -15.96,
        "sga_ratio": 62.6
      },
      {
        "fiscal_year": "2024/03",
        "sales": 1310.0,
        "operating_profit": -217.0,
        "ordinary_profit": -220.0,
        "net_profit": -273.0,
        "eps": -285.0,
        "roe": -19.84,
        "roa": -1,
        "operating_margin": -1,
        "cost_ratio": -16.6,
        "sga_ratio": 59.02
      },
      {
        "fiscal_year": "2025/03",
        "sales": 1600.0,
        "operating_profit": -160.0,
        "ordinary_profit": -165.0,
        "net_profit": -185.0,
        "roe": -13.44,
        "roa": -1,
        "operating_margin": -1,
        "cost_ratio": -10.0
      }
    ],
    "dividend_data": [
      {
        "fiscal_year": "2013/03",
        "total_dividend": 0.0,
        "dividend_yield": 0.0
      }
    ]
  },
  {
    "code": "7711",
    "name": "助川電気工業",
    "annual_data": [
      {
        "date": "2010/09/22",
        "per": 51.02,
        "pbr": 0.8,
        "is_per_red": false,
        "is_pbr_red": false
      },
      {
        "date": "2011/09/28",
        "per": 45.26,
        "pbr": 0.72,
        "is_per_red": false,
        "is_pbr_red": false
      },
      {
        "date": "2012/09/26",
        "per": 45.29,
        "pbr": 0.47,
        "is_per_red": false,
        "is_pbr_red": false
      },
      {
        "date": "2013/09/30",
        "per": 13.04,
        "pbr": 0.68,
        "is_per_red": false,
        "is_pbr_red": false
      },
      {
        "date": "2014/09/30",
        "per": 14.24,
        "pbr": 1.03,
        "is_per_red": false,
        "is_pbr_red": false
      },
      {
        "date": "2015/09/30",
        "per": 18.15,
        "pbr": 1.0,
        "is_per_red": false,
        "is_pbr_red": false
      },
      {
        "date": "2016/09/30",
        "per": 17.96,
        "pbr": 0.99,
        "is_per_red": false,
        "is_pbr_red": false
      },
      {
        "date": "2017/09/29",
        "per": 127.21,
        "pbr": 1.19,
        "is_per_red": false,
        "is_pbr_red": false
      },
      {
        "date": "2018/09/28",
        "per": 17.48,
        "pbr": 1.45,
        "is_per_red": false,
        "is_pbr_red": false
      },
      {
        "date": "2019/09/30",
        "per": 22.14,
        "pbr": 1.07,
        "is_per_red": false,
        "is_pbr_red": false
      },
      {
        "date": "2020/09/30",
        "per": -1,
        "pbr": 1.12,
        "is_per_red": true,
        "is_pbr_red": false
      },
      {
        "date": "2021/09/30",
        "per": 28.16,
        "pbr": 1.61,
        "is_per_red": false,
        "is_pbr_red": false
      },
      {
        "date": "2022/09/30",
        "per": 23.51,
        "pbr": 2.1,
        "is_per_red": false,
        "is_pbr_red": false
      },
      {
        "date": "2023/09/29",
        "per": 17.32,
        "pbr": 1.94,
        "is_per_red": false,
        "is_pbr_red": false
      },
      {
        "date": "2024/09/30",
        "per": 16.1,
        "pbr": 2.43,
        "is_per_red": false,
        "is_pbr_red": false
      }
    ],
    "daily_data": [],
    "financial_data": [
      {
        "fiscal_year": "2008/09",
        "sales": 4830.0,
        "operating_profit": 151.0,
        "ordinary_profit": 138.0,
        "net_profit": 130.0,
        "roe": 3.48,
        "roa": 2.01,
        "operating_margin": 3.13,
        "cost_ratio": 79.88,
        "sga_ratio": 16.99
      },
      {
        "fiscal_year": "2009/09",
        "sales": 4190.0,
        "operating_profit": 191.0,
        "ordinary_profit": 178.0,
        "net_profit": 84.0,
        "roe": 2.29,
        "roa": 1.33,
        "operating_margin": 4.56,
        "cost_ratio": 77.06,
        "sga_ratio": 18.38
      },
      {
        "fiscal_year": "2010/09",
        "sales": 3879.9999999999995,
        "operating_profit": 171.0,
        "ordinary_profit": 163.0,
        "net_profit": 56.0,
        "eps": 8.33,
        "roe": 1.56,
        "operating_margin": 4.41,
        "cost_ratio": 77.28,
        "sga_ratio": 18.31
      },
      {
        "fiscal_year": "2011/09",
        "sales": 3879.9999999999995,
        "operating_profit": 171.0,
        "ordinary_profit": 163.0,
        "net_profit": 56.0,
        "eps": 8.33,
        "roe": 1.58,
        "roa": 0.88,
        "operating_margin": 4.41,
        "cost_ratio": 77.28,
        "sga_ratio": 18.31
      },
      {
        "fiscal_year": "2012/09",
        "sales": 3600.0,
        "operating_profit": 102.0,
        "ordinary_profit": 99.0,
        "net_profit": 36.0,
        "eps": 5.41,
        "roe": 1.04,
        "roa": 0.61,
        "operating_margin": 2.83,
        "cost_ratio": 77.96,
        "sga_ratio": 19.22
      },
      {
        "fiscal_year": "2013/09",
        "sales": 4230.0,
        "operating_profit": 313.0,
        "ordinary_profit": 309.0,
        "net_profit": 191.0,
        "eps": 28.68,
        "roe": 5.18,
        "roa": 3.03,
        "operating_margin": 7.41,
        "cost_ratio": 75.73,
        "sga_ratio": 16.86
      },
      {
        "fiscal_year": "2014/09",
        "sales": 5020.0,
        "operating_profit": 409.0,
        "ordinary_profit": 429.0,
        "net_profit": 277.0,
        "eps": 42.29,
        "roe": 7.45,
        "roa": 4.37,
        "operating_margin": 8.14,
        "cost_ratio": 75.29,
        "sga_ratio": 16.57
      },
      {
        "fiscal_year": "2015/09",
        "sales": 4270.0,
        "operating_profit": 334.0,
        "ordinary_profit": 334.0,
        "net_profit": 209.0,
        "eps": 33.05,
        "roe": 5.52,
        "roa": 3.32,
        "operating_margin": 7.83,
        "cost_ratio": 74.06,
        "sga_ratio": 18.11
      },
      {
        "fiscal_year": "2016/09",
        "sales": 4500.0,
        "operating_profit": 332.0,
        "ordinary_profit": 319.0,
        "net_profit": 206.0,
        "eps": 33.4,
        "roe": 5.61,
        "roa": 3.25,
        "operating_margin": 7.39,
        "cost_ratio": 75.76,
        "sga_ratio": 16.85
      },
      {
        "fiscal_year": "2017/09",
        "sales": 4420.0,
        "operating_profit": 349.0,
        "ordinary_profit": 354.0,
        "net_profit": 34.0,
        "eps": 5.55,
        "roe": 0.97,
        "roa": 0.52,
        "operating_margin": 7.9,
        "cost_ratio": 73.13,
        "sga_ratio": 18.97
      },
      {
        "fiscal_year": "2018/09",
        "sales": 4610.0,
        "operating_profit": 469.0,
        "ordinary_profit": 474.0,
        "net_profit": 298.0,
        "eps": 50.75,
        "roe": 8.29,
        "roa": 4.53,
        "operating_margin": 10.17,
        "cost_ratio": 73.3,
        "sga_ratio": 16.53
      },
      {
        "fiscal_year": "2019/09",
        "sales": 4280.0,
        "operating_profit": 244.0,
        "ordinary_profit": 247.0,
        "net_profit": 173.0,
        "eps": 29.49,
        "roe": 4.85,
        "roa": 2.69,
        "operating_margin": 5.71,
        "cost_ratio": 77.1,
        "sga_ratio": 17.18
      },
      {
        "fiscal_year": "2020/09",
        "sales": 3120.0,
        "operating_profit": -15.0,
        "ordinary_profit": -10.0,
        "net_profit": -13.0,
        "eps": -2.22,
        "roe": -1,
        "roa": -1,
        "operating_margin": -0.49,
        "cost_ratio": 80.2,
        "sga_ratio": 20.29
      },
      {
        "fiscal_year": "2021/09",
        "sales": 3700.0,
        "operating_profit": 293.0,
        "ordinary_profit": 289.0,
        "net_profit": 199.0,
        "eps": 33.98,
        "roe": 5.7,
        "roa": 3.13,
        "operating_margin": 7.91,
        "cost_ratio": 74.54,
        "sga_ratio": 17.55
      },
      {
        "fiscal_year": "2022/09",
        "sales": 4330.0,
        "operating_profit": 445.0,
        "ordinary_profit": 469.0,
        "net_profit": 325.0,
        "eps": 55.46,
        "roe": 8.94,
        "roa": 4.88,
        "operating_margin": 10.28,
        "cost_ratio": 73.56,
        "sga_ratio": 16.16
      },
      {
        "fiscal_year": "2023/09",
        "sales": 4580.0,
        "operating_profit": 590.0,
        "ordinary_profit": 597.0,
        "net_profit": 398.0,
        "eps": 71.37,
        "roe": 11.3,
        "roa": 6.26,
        "operating_margin": 12.89,
        "cost_ratio": 69.52,
        "sga_ratio": 17.59
      },
      {
        "fiscal_year": "2024/09",
        "sales": 4960.0,
        "operating_profit": 916.0,
        "ordinary_profit": 916.0,
        "net_profit": 637.0,
        "eps": 115.5,
        "roe": 15.1,
        "roa": 9.05,
        "operating_margin": 18.45,
        "cost_ratio": 64.52,
        "sga_ratio": 17.04
      },
      {
        "fiscal_year": "2025/09",
        "sales": 5060.0,
        "operating_profit": 836.0,
        "ordinary_profit": 843.0,
        "net_profit": 590.0,
        "eps": 106.98,
        "roe": 13.98,
        "roa": 8.38,
        "operating_margin": 16.52
      }
    ],
    "dividend_data": [
      {
        "fiscal_year": "2010/03",
        "total_dividend": 17.0,
        "dividend_yield": 4.0
      },
      {
        "fiscal_year": "2011/03",
        "total_dividend": 12.0,
        "dividend_yield": 3.18
      },
      {
        "fiscal_year": "2012/03",
        "total_dividend": 12.0,
        "dividend_yield": 4.9
      },
      {
        "fiscal_year": "2013/03",
        "total_dividend": 14.0,
        "dividend_yield": 3.74
      }
    ]
  },
  {
    "code": "7713",
    "name": "シグマ光機",
    "annual_data": [
      {
        "date": "2010/05/31",
        "per": 32.42,
        "pbr": 0.52,
        "is_per_red": false,
        "is_pbr_red": false
      },
      {
        "date": "2011/05/31",
        "per": 18.71,
        "pbr": 0.58,
        "is_per_red": false,
        "is_pbr_red": false
      },
      {
        "date": "2012/05/31",
        "per": 19.82,
        "pbr": 0.5,
        "is_per_red": false,
        "is_pbr_red": false
      },
      {
        "date": "2013/05/31",
        "per": 45.71,
        "pbr": 0.57,
        "is_per_red": false,
        "is_pbr_red": false
      },
      {
        "date": "2014/05/30",
        "per": 22.56,
        "pbr": 0.6,
        "is_per_red": false,
        "is_pbr_red": false
      },
      {
        "date": "2015/05/29",
        "per": 23.2,
        "pbr": 0.66,
        "is_per_red": false,
        "is_pbr_red": false
      },
      {
        "date": "2016/05/31",
        "per": 11.72,
        "pbr": 0.6,
        "is_per_red": false,
        "is_pbr_red": false
      },
      {
        "date": "2017/05/31",
        "per": 11.56,
        "pbr": 0.71,
        "is_per_red": false,
        "is_pbr_red": false
      },
      {
        "date": "2018/05/31",
        "per": 15.94,
        "pbr": 1.28,
        "is_per_red": false,
        "is_pbr_red": false
      },
      {
        "date": "2019/05/31",
        "per": 10.09,
        "pbr": 0.66,
        "is_per_red": false,
        "is_pbr_red": false
      },
      {
        "date": "2020/05/29",
        "per": 13.91,
        "pbr": 0.64,
        "is_per_red": false,
        "is_pbr_red": false
      },
      {
        "date": "2021/05/31",
        "per": 14.68,
        "pbr": 0.88,
        "is_per_red": false,
        "is_pbr_red": false
      },
      {
        "date": "2022/05/31",
        "per": 9.04,
        "pbr": 0.71,
        "is_per_red": false,
        "is_pbr_red": false
      },
      {
        "date": "2023/05/31",
        "per": 7.23,
        "pbr": 0.66,
        "is_per_red": false,
        "is_pbr_red": false
      },
      {
        "date": "2024/05/31",
        "per": 15.97,
        "pbr": 0.64,
        "is_per_red": false,
        "is_pbr_red": false
      }
    ],
    "daily_data": [],
    "financial_data": [
      {
        "fiscal_year": "2008/05",
        "sales": 8059.999999999999,
        "operating_profit": 1210.0,
        "ordinary_profit": 1320.0,
        "net_profit": 728.0,
        "roa": 6.57,
        "operating_margin": 5.4,
        "cost_ratio": 14.96,
        "sga_ratio": 54.72
      },
      {
        "fiscal_year": "2009/05",
        "sales": 6390.0,
        "operating_profit": 200.99999999999997,
        "ordinary_profit": 368.0,
        "net_profit": 108.0,
        "roa": 1.0,
        "operating_margin": 0.86,
        "cost_ratio": 3.14,
        "sga_ratio": 60.45
      },
      {
        "fiscal_year": "2010/05",
        "sales": 6050.0,
        "operating_profit": 200.0,
        "ordinary_profit": 374.0,
        "net_profit": 173.0,
        "roe": 22.21,
        "roa": 1.62,
        "operating_margin": 1.35,
        "cost_ratio": 3.31,
        "sga_ratio": 62.22
      },
      {
        "fiscal_year": "2011/05",
        "sales": 7020.0,
        "operating_profit": 582.0,
        "ordinary_profit": 732.0,
        "net_profit": 331.0,
        "eps": 208.0,
        "roe": 42.32,
        "roa": 3.09,
        "operating_margin": 2.53,
        "cost_ratio": 8.29,
        "sga_ratio": 60.58
      },
      {
        "fiscal_year": "2012/05",
        "sales": 6950.0,
        "operating_profit": 428.0,
        "ordinary_profit": 563.0,
        "net_profit": 274.0,
        "eps": 282.0,
        "roe": 35.06,
        "roa": 2.53,
        "operating_margin": 2.11,
        "cost_ratio": 6.16,
        "sga_ratio": 66.42
      },
      {
        "fiscal_year": "2013/05",
        "sales": 6190.0,
        "operating_profit": 178.0,
        "ordinary_profit": 281.0,
        "net_profit": 135.0,
        "eps": 314.0,
        "roe": 17.24,
        "roa": 1.24,
        "operating_margin": 1.05,
        "cost_ratio": 2.88,
        "sga_ratio": 66.71
      },
      {
        "fiscal_year": "2014/05",
        "sales": 6720.0,
        "operating_profit": 361.0,
        "ordinary_profit": 488.99999999999994,
        "net_profit": 295.0,
        "eps": 461.00000000000006,
        "roe": 37.72,
        "roa": 2.66,
        "operating_margin": 2.16,
        "cost_ratio": 5.36,
        "sga_ratio": 62.73
      },
      {
        "fiscal_year": "2015/05",
        "sales": 6680.0,
        "operating_profit": 434.99999999999994,
        "ordinary_profit": 556.0,
        "net_profit": 327.0,
        "eps": 650.0,
        "roe": 43.41,
        "roa": 2.85,
        "operating_margin": 2.34,
        "cost_ratio": 6.52,
        "sga_ratio": 60.7
      },
      {
        "fiscal_year": "2016/05",
        "sales": 7470.0,
        "operating_profit": 790.0,
        "ordinary_profit": 875.0,
        "net_profit": 597.0,
        "eps": 389.0,
        "roe": 79.25,
        "roa": 5.13,
        "operating_margin": 4.16,
        "cost_ratio": 10.59,
        "sga_ratio": 59.83
      },
      {
        "fiscal_year": "2017/05",
        "sales": 7850.0,
        "operating_profit": 913.0000000000001,
        "ordinary_profit": 1040.0,
        "net_profit": 747.0,
        "eps": 749.0,
        "roe": 99.12,
        "roa": 6.15,
        "operating_margin": 4.95,
        "cost_ratio": 11.63,
        "sga_ratio": 60.83
      },
      {
        "fiscal_year": "2018/05",
        "sales": 8960.0,
        "operating_profit": 1430.0,
        "ordinary_profit": 1520.0,
        "net_profit": 1010.0,
        "eps": 1080.0,
        "roe": 138.49,
        "roa": 8.26,
        "operating_margin": 6.56,
        "cost_ratio": 16.0,
        "sga_ratio": 57.19
      },
      {
        "fiscal_year": "2019/05",
        "sales": 9050.0,
        "operating_profit": 1120.0,
        "ordinary_profit": 1250.0,
        "net_profit": 827.9999999999999,
        "eps": 826.0,
        "roe": 116.93,
        "roa": 6.5,
        "operating_margin": 5.26,
        "cost_ratio": 12.42,
        "sga_ratio": 59.37
      },
      {
        "fiscal_year": "2020/05",
        "sales": 8490.0,
        "operating_profit": 712.0,
        "ordinary_profit": 840.0,
        "net_profit": 596.0,
        "eps": 504.0,
        "roe": 84.1,
        "roa": 4.6,
        "operating_margin": 3.69,
        "cost_ratio": 8.38,
        "sga_ratio": 62.0
      },
      {
        "fiscal_year": "2021/05",
        "sales": 8770.0,
        "operating_profit": 984.0,
        "ordinary_profit": 1150.0,
        "net_profit": 823.0,
        "eps": 1140.0,
        "roe": 116.16,
        "roa": 5.96,
        "operating_margin": 4.77,
        "cost_ratio": 11.22,
        "sga_ratio": 61.67
      },
      {
        "fiscal_year": "2022/05",
        "sales": 10400.0,
        "operating_profit": 1440.0,
        "ordinary_profit": 1610.0000000000002,
        "net_profit": 1170.0,
        "eps": 1390.0,
        "roe": 165.24,
        "roa": 7.86,
        "operating_margin": 6.32,
        "cost_ratio": 13.89,
        "sga_ratio": 60.55
      },
      {
        "fiscal_year": "2023/05",
        "sales": 11400.0,
        "operating_profit": 1500.0,
        "ordinary_profit": 1689.9999999999998,
        "net_profit": 1490.0,
        "eps": 1650.0,
        "roe": 210.85,
        "roa": 9.19,
        "operating_margin": 7.24,
        "cost_ratio": 13.23,
        "sga_ratio": 60.94
      },
      {
        "fiscal_year": "2024/05",
        "sales": 11200.0,
        "operating_profit": 1180.0,
        "ordinary_profit": 1350.0,
        "net_profit": 687.0,
        "eps": 1120.0,
        "roe": 97.04,
        "roa": 4.03,
        "operating_margin": 3.28,
        "cost_ratio": 10.51,
        "sga_ratio": 61.79
      },
      {
        "fiscal_year": "2025/05",
        "sales": 11800.0,
        "operating_profit": 1160.0,
        "ordinary_profit": 1400.0,
        "net_profit": 900.0,
        "roe": 127.08,
        "roa": 5.23,
        "operating_margin": 4.23,
        "cost_ratio": 9.81
      }
    ],
    "dividend_data": [
      {
        "fiscal_year": "2010/03",
        "total_dividend": 30.0,
        "dividend_yield": 4.17
      },
      {
        "fiscal_year": "2011/03",
        "total_dividend": 30.0,
        "dividend_yield": 3.79
      },
      {
        "fiscal_year": "2012/03",
        "total_dividend": 34.0,
        "dividend_yield": 4.89
      },
      {
        "fiscal_year": "2013/03",
        "total_dividend": 30.0,
        "dividend_yield": 3.81
      }
    ]
  },
  {
    "code": "7715",
    "name": "長野計器",
    "annual_data": [
      {
        "date": "2010/03/31",
        "per": -1,
        "pbr": 0.92,
        "is_per_red": true,
        "is_pbr_red": false
      },
      {
        "date": "2011/03/31",
        "per": 23.15,
        "pbr": 1.09,
        "is_per_red": false,
        "is_pbr_red": false
      },
      {
        "date": "2012/03/30",
        "per": 78.45,
        "pbr": 1.2,
        "is_per_red": false,
        "is_pbr_red": false
      },
      {
        "date": "2013/03/29",
        "per": 35.11,
        "pbr": 0.99,
        "is_per_red": false,
        "is_pbr_red": false
      },
      {
        "date": "2014/03/31",
        "per": 11.49,
        "pbr": 0.84,
        "is_per_red": false,
        "is_pbr_red": false
      },
      {
        "date": "2015/03/31",
        "per": 11.7,
        "pbr": 0.74,
        "is_per_red": false,
        "is_pbr_red": false
      },
      {
        "date": "2016/03/31",
        "per": 8.62,
        "pbr": 0.7,
        "is_per_red": false,
        "is_pbr_red": false
      },
      {
        "date": "2017/03/31",
        "per": 10.44,
        "pbr": 0.71,
        "is_per_red": false,
        "is_pbr_red": false
      },
      {
        "date": "2018/03/30",
        "per": 8.32,
        "pbr": 1.02,
        "is_per_red": false,
        "is_pbr_red": false
      },
      {
        "date": "2019/03/29",
        "per": 8.19,
        "pbr": 0.67,
        "is_per_red": false,
        "is_pbr_red": false
      },
      {
        "date": "2020/03/31",
        "per": 9.78,
        "pbr": 0.66,
        "is_per_red": false,
        "is_pbr_red": false
      },
      {
        "date": "2021/03/31",
        "per": 21.8,
        "pbr": 0.75,
        "is_per_red": false,
        "is_pbr_red": false
      },
      {
        "date": "2022/03/31",
        "per": 9.58,
        "pbr": 0.85,
        "is_per_red": false,
        "is_pbr_red": false
      },
      {
        "date": "2023/03/31",
        "per": 7.36,
        "pbr": 0.77,
        "is_per_red": false,
        "is_pbr_red": false
      },
      {
        "date": "2024/03/29",
        "per": 8.15,
        "pbr": 1.11,
        "is_per_red": false,
        "is_pbr_red": false
      }
    ],
    "daily_data": [],
    "financial_data": [
      {
        "fiscal_year": "2008/03",
        "sales": 40800.0,
        "operating_profit": 1019.9999999999999,
        "ordinary_profit": 451.0,
        "net_profit": -94.0,
        "roa": -1,
        "operating_margin": -1,
        "cost_ratio": 2.5,
        "sga_ratio": 77.04
      },
      {
        "fiscal_year": "2009/03",
        "sales": 39000.0,
        "operating_profit": -952.0,
        "ordinary_profit": -1270.0,
        "net_profit": -3260.0,
        "roa": -1,
        "operating_margin": -1,
        "cost_ratio": -2.44,
        "sga_ratio": 79.28
      },
      {
        "fiscal_year": "2010/03",
        "sales": 31800.0,
        "operating_profit": -811.0,
        "ordinary_profit": -831.0,
        "net_profit": -2740.0,
        "roe": -143.05,
        "roa": -1,
        "operating_margin": -1,
        "cost_ratio": -2.55,
        "sga_ratio": 78.94
      },
      {
        "fiscal_year": "2011/03",
        "sales": 38100.0,
        "operating_profit": 1410.0,
        "ordinary_profit": 1080.0,
        "net_profit": 656.0,
        "eps": 65.0,
        "roe": 31.88,
        "roa": 4.71,
        "operating_margin": 1.8,
        "cost_ratio": 3.7,
        "sga_ratio": 75.98
      },
      {
        "fiscal_year": "2012/03",
        "sales": 39400.0,
        "operating_profit": 1360.0,
        "ordinary_profit": 1070.0,
        "net_profit": 206.99999999999997,
        "eps": -132.0,
        "roe": 10.07,
        "roa": 1.53,
        "operating_margin": 0.59,
        "cost_ratio": 3.46,
        "sga_ratio": 76.17
      },
      {
        "fiscal_year": "2013/03",
        "sales": 36700.0,
        "operating_profit": 910.0,
        "ordinary_profit": 914.0,
        "net_profit": 401.99999999999994,
        "eps": 848.0,
        "roe": 19.51,
        "roa": 2.82,
        "operating_margin": 1.15,
        "cost_ratio": 2.48,
        "sga_ratio": 75.51
      },
      {
        "fiscal_year": "2014/03",
        "sales": 40800.0,
        "operating_profit": 1110.0,
        "ordinary_profit": 1280.0,
        "net_profit": 1230.0,
        "eps": 2680.0,
        "roe": 59.97,
        "roa": 7.35,
        "operating_margin": 3.2,
        "cost_ratio": 2.73,
        "sga_ratio": 75.0
      },
      {
        "fiscal_year": "2015/03",
        "sales": 45900.0,
        "operating_profit": 1760.0000000000002,
        "ordinary_profit": 1639.9999999999998,
        "net_profit": 1220.0,
        "eps": 2230.0,
        "roe": 62.88,
        "roa": 7.2,
        "operating_margin": 2.82,
        "cost_ratio": 3.84,
        "sga_ratio": 73.58
      },
      {
        "fiscal_year": "2016/03",
        "sales": 44900.0,
        "operating_profit": 1930.0,
        "ordinary_profit": 2080.0,
        "net_profit": 1320.0,
        "eps": -287.0,
        "roe": 74.8,
        "roa": 7.35,
        "operating_margin": 3.12,
        "cost_ratio": 4.3,
        "sga_ratio": 71.88
      },
      {
        "fiscal_year": "2017/03",
        "sales": 44200.0,
        "operating_profit": 1850.0,
        "ordinary_profit": 1920.0,
        "net_profit": 1330.0,
        "eps": 2080.0,
        "roe": 68.7,
        "roa": 6.83,
        "operating_margin": 2.97,
        "cost_ratio": 4.19,
        "sga_ratio": 71.78
      },
      {
        "fiscal_year": "2018/03",
        "sales": 50400.0,
        "operating_profit": 3400.0,
        "ordinary_profit": 3600.0,
        "net_profit": 2820.0,
        "eps": 3870.0000000000005,
        "roe": 145.38,
        "roa": 12.29,
        "operating_margin": 5.94,
        "cost_ratio": 6.74,
        "sga_ratio": 70.79
      },
      {
        "fiscal_year": "2019/03",
        "sales": 52100.0,
        "operating_profit": 2930.0,
        "ordinary_profit": 2860.0,
        "net_profit": 1900.0,
        "eps": 1000.0,
        "roe": 98.12,
        "roa": 8.15,
        "operating_margin": 4.11,
        "cost_ratio": 5.63,
        "sga_ratio": 72.24
      },
      {
        "fiscal_year": "2020/03",
        "sales": 49100.0,
        "operating_profit": 2310.0,
        "ordinary_profit": 2260.0,
        "net_profit": 1590.0,
        "eps": 789.0,
        "roe": 82.18,
        "roa": 6.74,
        "operating_margin": 3.4,
        "cost_ratio": 4.7,
        "sga_ratio": 71.08
      },
      {
        "fiscal_year": "2021/03",
        "sales": 44800.0,
        "operating_profit": 1440.0,
        "ordinary_profit": 1510.0,
        "net_profit": 865.0,
        "eps": 2000.0,
        "roe": 44.99,
        "roa": 3.47,
        "operating_margin": 1.7,
        "cost_ratio": 3.22,
        "sga_ratio": 72.49
      },
      {
        "fiscal_year": "2022/03",
        "sales": 55000.0,
        "operating_profit": 3550.0,
        "ordinary_profit": 4310.0,
        "net_profit": 2510.0,
        "eps": 3879.9999999999995,
        "roe": 132.06,
        "roa": 8.87,
        "operating_margin": 4.52,
        "cost_ratio": 6.46,
        "sga_ratio": 71.46
      },
      {
        "fiscal_year": "2023/03",
        "sales": 60500.0,
        "operating_profit": 4730.0,
        "ordinary_profit": 4950.0,
        "net_profit": 3410.0,
        "eps": 4800.0,
        "roe": 179.13,
        "roa": 10.49,
        "operating_margin": 5.43,
        "cost_ratio": 7.81,
        "sga_ratio": 70.93
      },
      {
        "fiscal_year": "2024/03",
        "sales": 67900.0,
        "operating_profit": 7150.0,
        "ordinary_profit": 7390.000000000001,
        "net_profit": 5410.0,
        "eps": 7980.0,
        "roe": 283.56,
        "roa": 13.6,
        "operating_margin": 7.48,
        "cost_ratio": 10.53,
        "sga_ratio": 68.57
      },
      {
        "fiscal_year": "2025/03",
        "sales": 70700.0,
        "operating_profit": 7750.0,
        "ordinary_profit": 7600.0,
        "net_profit": 5500.0,
        "roe": 287.91,
        "roa": 12.78,
        "operating_margin": 7.22,
        "cost_ratio": 10.96
      }
    ],
    "dividend_data": [
      {
        "fiscal_year": "2011/03",
        "total_dividend": 10.0,
        "dividend_yield": 1.36
      },
      {
        "fiscal_year": "2012/03",
        "total_dividend": 10.0,
        "dividend_yield": 1.27
      },
      {
        "fiscal_year": "2013/03",
        "total_dividend": 7.5,
        "dividend_yield": 1.09
      }
    ]
  },
  {
    "code": "7716",
    "name": "ナカニシ",
    "annual_data": [
      {
        "date": "2009/12/30",
        "per": 10.71,
        "pbr": 1.62,
        "is_per_red": false,
        "is_pbr_red": false
      },
      {
        "date": "2010/12/30",
        "per": 11.52,
        "pbr": 1.71,
        "is_per_red": false,
        "is_pbr_red": false
      },
      {
        "date": "2011/12/30",
        "per": 9.54,
        "pbr": 1.29,
        "is_per_red": false,
        "is_pbr_red": false
      },
      {
        "date": "2012/12/28",
        "per": 12.46,
        "pbr": 1.4,
        "is_per_red": false,
        "is_pbr_red": false
      },
      {
        "date": "2013/12/30",
        "per": 18.71,
        "pbr": 1.99,
        "is_per_red": false,
        "is_pbr_red": false
      },
      {
        "date": "2014/12/30",
        "per": 21.46,
        "pbr": 2.98,
        "is_per_red": false,
        "is_pbr_red": false
      },
      {
        "date": "2015/12/30",
        "per": 22.02,
        "pbr": 2.58,
        "is_per_red": false,
        "is_pbr_red": false
      },
      {
        "date": "2016/12/30",
        "per": 24.64,
        "pbr": 2.34,
        "is_per_red": false,
        "is_pbr_red": false
      },
      {
        "date": "2017/12/29",
        "per": 23.13,
        "pbr": 2.7,
        "is_per_red": false,
        "is_pbr_red": false
      },
      {
        "date": "2018/12/28",
        "per": 21.33,
        "pbr": 2.42,
        "is_per_red": false,
        "is_pbr_red": false
      },
      {
        "date": "2019/12/30",
        "per": 25.4,
        "pbr": 2.5,
        "is_per_red": false,
        "is_pbr_red": false
      },
      {
        "date": "2020/12/30",
        "per": 30.41,
        "pbr": 2.58,
        "is_per_red": false,
        "is_pbr_red": false
      },
      {
        "date": "2021/12/30",
        "per": 18.14,
        "pbr": 2.21,
        "is_per_red": false,
        "is_pbr_red": false
      },
      {
        "date": "2022/12/30",
        "per": 17.58,
        "pbr": 2.4,
        "is_per_red": false,
        "is_pbr_red": false
      },
      {
        "date": "2023/12/29",
        "per": 8.85,
        "pbr": 1.79,
        "is_per_red": false,
        "is_pbr_red": false
      }
    ],
    "daily_data": [],
    "financial_data": [
      {
        "fiscal_year": "2008/12",
        "sales": 23000.0,
        "operating_profit": 7820.0,
        "ordinary_profit": 6500.0,
        "net_profit": 3890.0,
        "roa": 15.34,
        "operating_margin": 12.9,
        "cost_ratio": 33.97,
        "sga_ratio": 37.72
      },
      {
        "fiscal_year": "2009/12",
        "sales": 20000.0,
        "operating_profit": 6250.0,
        "ordinary_profit": 6859.999999999999,
        "net_profit": 4340.0,
        "roe": 46.02,
        "roa": 15.11,
        "operating_margin": 13.13,
        "cost_ratio": 31.26,
        "sga_ratio": 38.73
      },
      {
        "fiscal_year": "2010/12",
        "sales": 22200.0,
        "operating_profit": 7600.0,
        "ordinary_profit": 7300.0,
        "net_profit": 4690.0,
        "roe": 49.73,
        "roa": 14.84,
        "operating_margin": 13.41,
        "cost_ratio": 34.22,
        "sga_ratio": 39.58
      },
      {
        "fiscal_year": "2011/12",
        "sales": 22300.0,
        "operating_profit": 7190.000000000001,
        "ordinary_profit": 7140.000000000001,
        "net_profit": 4690.0,
        "eps": 4200.0,
        "roe": 49.81,
        "roa": 13.53,
        "operating_margin": 12.22,
        "cost_ratio": 32.3,
        "sga_ratio": 39.46
      },
      {
        "fiscal_year": "2012/12",
        "sales": 22600.0,
        "operating_profit": 6659.999999999999,
        "ordinary_profit": 7040.000000000001,
        "net_profit": 4340.0,
        "eps": 5460.0,
        "roe": 46.05,
        "roa": 11.23,
        "operating_margin": 10.13,
        "cost_ratio": 29.5,
        "sga_ratio": 40.02
      },
      {
        "fiscal_year": "2013/12",
        "sales": 26200.0,
        "operating_profit": 7540.000000000001,
        "ordinary_profit": 8320.0,
        "net_profit": 4740.0,
        "eps": 6630.0,
        "roe": 53.62,
        "roa": 10.69,
        "operating_margin": 9.34,
        "cost_ratio": 28.75,
        "sga_ratio": 39.88
      },
      {
        "fiscal_year": "2014/12",
        "sales": 30900.0,
        "operating_profit": 9290.0,
        "ordinary_profit": 10800.0,
        "net_profit": 6970.0,
        "eps": 7859.999999999999,
        "roe": 79.34,
        "roa": 13.98,
        "operating_margin": 12.46,
        "cost_ratio": 30.05,
        "sga_ratio": 39.16
      },
      {
        "fiscal_year": "2015/12",
        "sales": 31900.0,
        "operating_profit": 9600.0,
        "ordinary_profit": 9880.0,
        "net_profit": 6200.0,
        "eps": 5360.0,
        "roe": 71.22,
        "roa": 11.76,
        "operating_margin": 10.61,
        "cost_ratio": 30.14,
        "sga_ratio": 37.82
      },
      {
        "fiscal_year": "2016/12",
        "sales": 31800.0,
        "operating_profit": 8460.0,
        "ordinary_profit": 7640.000000000001,
        "net_profit": 5300.0,
        "eps": 4600.0,
        "roe": 61.15,
        "roa": 9.5,
        "operating_margin": 8.56,
        "cost_ratio": 26.58,
        "sga_ratio": 40.59
      },
      {
        "fiscal_year": "2017/12",
        "sales": 34300.0,
        "operating_profit": 9470.0,
        "ordinary_profit": 10400.0,
        "net_profit": 7340.000000000001,
        "eps": 8790.0,
        "roe": 84.75,
        "roa": 11.69,
        "operating_margin": 10.56,
        "cost_ratio": 27.57,
        "sga_ratio": 39.42
      },
      {
        "fiscal_year": "2018/12",
        "sales": 36500.0,
        "operating_profit": 9720.0,
        "ordinary_profit": 10700.0,
        "net_profit": 7590.000000000001,
        "eps": 6470.0,
        "roe": 87.59,
        "roa": 11.33,
        "operating_margin": 10.36,
        "cost_ratio": 26.6,
        "sga_ratio": 40.64
      },
      {
        "fiscal_year": "2019/12",
        "sales": 35400.0,
        "operating_profit": 9300.0,
        "ordinary_profit": 9840.0,
        "net_profit": 7100.0,
        "eps": 8109.999999999999,
        "roe": 81.97,
        "roa": 9.83,
        "operating_margin": 9.16,
        "cost_ratio": 26.26,
        "sga_ratio": 38.56
      },
      {
        "fiscal_year": "2020/12",
        "sales": 33100.0,
        "operating_profit": 8540.0,
        "ordinary_profit": 8630.0,
        "net_profit": 6459.999999999999,
        "eps": 6459.999999999999,
        "roe": 74.49,
        "roa": 8.48,
        "operating_margin": 7.83,
        "cost_ratio": 25.84,
        "sga_ratio": 40.31
      },
      {
        "fiscal_year": "2021/12",
        "sales": 44900.0,
        "operating_profit": 13800.0,
        "ordinary_profit": 14000.0,
        "net_profit": 10100.0,
        "eps": 10600.0,
        "roe": 116.73,
        "roa": 12.22,
        "operating_margin": 10.7,
        "cost_ratio": 30.65,
        "sga_ratio": 39.15
      },
      {
        "fiscal_year": "2022/12",
        "sales": 48700.0,
        "operating_profit": 15400.0,
        "ordinary_profit": 17600.0,
        "net_profit": 12500.0,
        "eps": 14200.0,
        "roe": 145.48,
        "roa": 13.74,
        "operating_margin": 12.15,
        "cost_ratio": 31.62,
        "sga_ratio": 35.85
      },
      {
        "fiscal_year": "2023/12",
        "sales": 59700.0,
        "operating_profit": 14300.0,
        "ordinary_profit": 17200.0,
        "net_profit": 22800.0,
        "eps": 25500.0,
        "roe": 267.62,
        "roa": 20.21,
        "operating_margin": 16.2,
        "cost_ratio": 23.95,
        "sga_ratio": 39.48
      },
      {
        "fiscal_year": "2024/12",
        "sales": 75200.0,
        "operating_profit": 13400.0,
        "ordinary_profit": 14600.0,
        "net_profit": 9650.0,
        "roe": 103.32,
        "roa": 8.35,
        "operating_margin": 6.53,
        "cost_ratio": 17.85
      }
    ],
    "dividend_data": [
      {
        "fiscal_year": "2009/03",
        "total_dividend": 80.0,
        "dividend_yield": 5.33
      },
      {
        "fiscal_year": "2010/03",
        "total_dividend": 80.0,
        "dividend_yield": 5.33
      },
      {
        "fiscal_year": "2011/03",
        "total_dividend": 100.0,
        "dividend_yield": 6.67
      },
      {
        "fiscal_year": "2012/03",
        "total_dividend": 100.0,
        "dividend_yield": 6.67
      }
    ]
  },
  {
    "code": "7717",
    "name": "ブイ・テクノロジー",
    "annual_data": [
      {
        "date": "2010/03/31",
        "per": 15.7,
        "pbr": 3.41,
        "is_per_red": false,
        "is_pbr_red": false
      },
      {
        "date": "2011/03/31",
        "per": 22.75,
        "pbr": 4.32,
        "is_per_red": false,
        "is_pbr_red": false
      },
      {
        "date": "2012/03/30",
        "per": 42.09,
        "pbr": 1.66,
        "is_per_red": false,
        "is_pbr_red": false
      },
      {
        "date": "2013/03/29",
        "per": -1,
        "pbr": 2.02,
        "is_per_red": true,
        "is_pbr_red": false
      },
      {
        "date": "2014/03/31",
        "per": 70.0,
        "pbr": 1.98,
        "is_per_red": false,
        "is_pbr_red": false
      },
      {
        "date": "2015/03/31",
        "per": 21.48,
        "pbr": 1.34,
        "is_per_red": false,
        "is_pbr_red": false
      },
      {
        "date": "2016/03/31",
        "per": 24.6,
        "pbr": 2.7,
        "is_per_red": false,
        "is_pbr_red": false
      },
      {
        "date": "2017/03/31",
        "per": 29.73,
        "pbr": 6.95,
        "is_per_red": false,
        "is_pbr_red": false
      },
      {
        "date": "2018/03/30",
        "per": 19.27,
        "pbr": 7.89,
        "is_per_red": false,
        "is_pbr_red": false
      },
      {
        "date": "2019/03/29",
        "per": 6.33,
        "pbr": 2.53,
        "is_per_red": false,
        "is_pbr_red": false
      },
      {
        "date": "2020/03/31",
        "per": 9.31,
        "pbr": 1.07,
        "is_per_red": false,
        "is_pbr_red": false
      },
      {
        "date": "2021/03/31",
        "per": 15.0,
        "pbr": 1.69,
        "is_per_red": false,
        "is_pbr_red": false
      },
      {
        "date": "2022/03/31",
        "per": 7.6,
        "pbr": 0.93,
        "is_per_red": false,
        "is_pbr_red": false
      },
      {
        "date": "2023/03/31",
        "per": 104.35,
        "pbr": 0.81,
        "is_per_red": false,
        "is_pbr_red": false
      },
      {
        "date": "2024/03/29",
        "per": 31.14,
        "pbr": 0.7,
        "is_per_red": false,
        "is_pbr_red": false
      }
    ],
    "daily_data": [],
    "financial_data": [
      {
        "fiscal_year": "2008/03",
        "sales": 6340.0,
        "operating_profit": -541.0,
        "ordinary_profit": -584.0,
        "net_profit": -496.0,
        "roa": -1,
        "operating_margin": -1,
        "cost_ratio": -8.54,
        "sga_ratio": 83.6
      },
      {
        "fiscal_year": "2009/03",
        "sales": 14300.0,
        "operating_profit": 817.0,
        "ordinary_profit": 695.0,
        "net_profit": 573.0,
        "roa": 10.88,
        "operating_margin": 3.69,
        "cost_ratio": 5.72,
        "sga_ratio": 79.49
      },
      {
        "fiscal_year": "2010/03",
        "sales": 17800.0,
        "operating_profit": 2270.0,
        "ordinary_profit": 2190.0,
        "net_profit": 1500.0,
        "roe": 158.57,
        "roa": 21.69,
        "operating_margin": 7.49,
        "cost_ratio": 12.75,
        "sga_ratio": 71.81
      },
      {
        "fiscal_year": "2011/03",
        "sales": 18800.0,
        "operating_profit": 2400.0,
        "ordinary_profit": 2350.0,
        "net_profit": 1580.0,
        "eps": 1510.0,
        "roe": 166.18,
        "roa": 18.99,
        "operating_margin": 10.06,
        "cost_ratio": 12.76,
        "sga_ratio": 70.98
      },
      {
        "fiscal_year": "2012/03",
        "sales": 13700.0,
        "operating_profit": 533.0,
        "ordinary_profit": 597.0,
        "net_profit": 328.0,
        "eps": 290.0,
        "roe": 34.5,
        "roa": 3.95,
        "operating_margin": 2.35,
        "cost_ratio": 3.9,
        "sga_ratio": 77.99
      },
      {
        "fiscal_year": "2013/03",
        "sales": 3660.0,
        "operating_profit": -1140.0,
        "ordinary_profit": -1110.0,
        "net_profit": -834.0,
        "eps": -597.0,
        "roe": -87.72,
        "roa": -1,
        "operating_margin": -1,
        "cost_ratio": -31.19,
        "sga_ratio": 79.93
      },
      {
        "fiscal_year": "2014/03",
        "sales": 13100.0,
        "operating_profit": 407.0,
        "ordinary_profit": 434.99999999999994,
        "net_profit": 223.0,
        "eps": 415.00000000000006,
        "roe": 23.83,
        "roa": 2.82,
        "operating_margin": 1.4,
        "cost_ratio": 3.11,
        "sga_ratio": 77.28
      },
      {
        "fiscal_year": "2015/03",
        "sales": 16500.0,
        "operating_profit": 861.9999999999999,
        "ordinary_profit": 1050.0,
        "net_profit": 533.0,
        "eps": 750.0,
        "roe": 56.7,
        "roa": 6.2,
        "operating_margin": 2.53,
        "cost_ratio": 5.24,
        "sga_ratio": 75.38
      },
      {
        "fiscal_year": "2016/03",
        "sales": 39200.0,
        "operating_profit": 2580.0,
        "ordinary_profit": 2240.0,
        "net_profit": 989.0,
        "eps": 851.0,
        "roe": 104.67,
        "roa": 10.98,
        "operating_margin": 2.66,
        "cost_ratio": 6.58,
        "sga_ratio": 77.12
      },
      {
        "fiscal_year": "2017/03",
        "sales": 45400.0,
        "operating_profit": 5410.0,
        "ordinary_profit": 5410.0,
        "net_profit": 2810.0,
        "eps": 3590.0,
        "roe": 288.64,
        "roa": 23.01,
        "operating_margin": 5.91,
        "cost_ratio": 11.93,
        "sga_ratio": 71.24
      },
      {
        "fiscal_year": "2018/03",
        "sales": 66100.0,
        "operating_profit": 12500.0,
        "ordinary_profit": 12400.0,
        "net_profit": 7840.000000000001,
        "eps": 8830.0,
        "roe": 791.38,
        "roa": 40.95,
        "operating_margin": 12.1,
        "cost_ratio": 18.99,
        "sga_ratio": 67.73
      },
      {
        "fiscal_year": "2019/03",
        "sales": 72100.0,
        "operating_profit": 16600.0,
        "ordinary_profit": 16800.0,
        "net_profit": 10900.0,
        "eps": 12300.0,
        "roe": 1108.66,
        "roa": 40.61,
        "operating_margin": 13.57,
        "cost_ratio": 23.05,
        "sga_ratio": 65.14
      },
      {
        "fiscal_year": "2020/03",
        "sales": 54300.0,
        "operating_profit": 5650.0,
        "ordinary_profit": 6160.0,
        "net_profit": 3250.0,
        "eps": 3879.9999999999995,
        "roe": 336.21,
        "roa": 11.49,
        "operating_margin": 4.33,
        "cost_ratio": 10.41,
        "sga_ratio": 72.16
      },
      {
        "fiscal_year": "2021/03",
        "sales": 55200.0,
        "operating_profit": 6600.0,
        "ordinary_profit": 6840.000000000001,
        "net_profit": 3510.0,
        "eps": 5020.0,
        "roe": 363.31,
        "roa": 11.24,
        "operating_margin": 4.36,
        "cost_ratio": 11.97,
        "sga_ratio": 71.54
      },
      {
        "fiscal_year": "2022/03",
        "sales": 51400.0,
        "operating_profit": 5460.0,
        "ordinary_profit": 5870.0,
        "net_profit": 4200.0,
        "eps": 4790.0,
        "roe": 434.15,
        "roa": 12.28,
        "operating_margin": 5.78,
        "cost_ratio": 10.62,
        "sga_ratio": 69.88
      },
      {
        "fiscal_year": "2023/03",
        "sales": 43100.0,
        "operating_profit": 986.0,
        "ordinary_profit": 1700.0,
        "net_profit": 260.0,
        "eps": 479.0,
        "roe": 26.89,
        "roa": 0.77,
        "operating_margin": 0.36,
        "cost_ratio": 2.29,
        "sga_ratio": 74.63
      },
      {
        "fiscal_year": "2024/03",
        "sales": 37300.0,
        "operating_profit": 846.0000000000001,
        "ordinary_profit": 1110.0,
        "net_profit": 778.0,
        "eps": 1250.0,
        "roe": 80.6,
        "roa": 2.26,
        "operating_margin": 1.03,
        "cost_ratio": 2.27,
        "sga_ratio": 71.6
      },
      {
        "fiscal_year": "2025/03",
        "sales": 47000.0,
        "operating_profit": 1600.0,
        "ordinary_profit": 1400.0,
        "net_profit": 1000.0,
        "roe": 105.82,
        "roa": 3.03,
        "operating_margin": 1.29,
        "cost_ratio": 3.4
      }
    ],
    "dividend_data": [
      {
        "fiscal_year": "2010/03",
        "total_dividend": 5000.0,
        "dividend_yield": 25.0
      },
      {
        "fiscal_year": "2011/03",
        "total_dividend": 5750.0,
        "dividend_yield": 28.75
      },
      {
        "fiscal_year": "2012/03",
        "total_dividend": 3750.0,
        "dividend_yield": 18.75
      },
      {
        "fiscal_year": "2013/03",
        "total_dividend": 2500.0,
        "dividend_yield": 12.5
      }
    ]
  },
  {
    "code": "7719",
    "name": "東京衡機",
    "annual_data": [
      {
        "date": "2010/02/26",
        "per": -1,
        "pbr": 0.54,
        "is_per_red": true,
        "is_pbr_red": false
      },
      {
        "date": "2011/02/28",
        "per": -1,
        "pbr": 0.62,
        "is_per_red": true,
        "is_pbr_red": false
      },
      {
        "date": "2012/02/29",
        "per": -1,
        "pbr": 1.09,
        "is_per_red": true,
        "is_pbr_red": false
      },
      {
        "date": "2013/02/28",
        "per": -1,
        "pbr": 1.19,
        "is_per_red": true,
        "is_pbr_red": false
      },
      {
        "date": "2014/02/28",
        "per": -1,
        "pbr": 2.13,
        "is_per_red": true,
        "is_pbr_red": false
      },
      {
        "date": "2015/02/27",
        "per": -1,
        "pbr": 2.25,
        "is_per_red": true,
        "is_pbr_red": false
      },
      {
        "date": "2016/02/29",
        "per": 19.91,
        "pbr": 1.44,
        "is_per_red": false,
        "is_pbr_red": false
      },
      {
        "date": "2017/02/28",
        "per": -1,
        "pbr": 2.25,
        "is_per_red": true,
        "is_pbr_red": false
      },
      {
        "date": "2018/02/28",
        "per": -1,
        "pbr": 2.94,
        "is_per_red": true,
        "is_pbr_red": false
      },
      {
        "date": "2019/02/28",
        "per": 3.78,
        "pbr": 1.42,
        "is_per_red": false,
        "is_pbr_red": false
      },
      {
        "date": "2020/02/28",
        "per": 4.6,
        "pbr": 0.83,
        "is_per_red": false,
        "is_pbr_red": false
      },
      {
        "date": "2021/02/26",
        "per": 5.93,
        "pbr": 0.87,
        "is_per_red": false,
        "is_pbr_red": false
      },
      {
        "date": "2022/02/28",
        "per": 15.43,
        "pbr": 0.88,
        "is_per_red": false,
        "is_pbr_red": false
      },
      {
        "date": "2023/02/28",
        "per": -1,
        "pbr": 0.88,
        "is_per_red": true,
        "is_pbr_red": false
      },
      {
        "date": "2024/02/29",
        "per": 19.17,
        "pbr": 1.16,
        "is_per_red": false,
        "is_pbr_red": false
      }
    ],
    "daily_data": [],
    "financial_data": [
      {
        "fiscal_year": "2009/02",
        "sales": 6180.0,
        "operating_profit": 209.0,
        "ordinary_profit": 177.0,
        "net_profit": 203.0,
        "roa": 5.92,
        "operating_margin": 3.03,
        "cost_ratio": 3.39,
        "sga_ratio": 72.68
      },
      {
        "fiscal_year": "2010/02",
        "sales": 4340.0,
        "operating_profit": -158.0,
        "ordinary_profit": -238.0,
        "net_profit": -471.0,
        "roe": -6.6,
        "roa": -1,
        "operating_margin": -1,
        "cost_ratio": -3.63,
        "sga_ratio": 73.81
      },
      {
        "fiscal_year": "2011/02",
        "sales": 3820.0000000000005,
        "operating_profit": -281.0,
        "ordinary_profit": -420.0,
        "net_profit": -342.0,
        "roe": -4.8,
        "roa": -1,
        "operating_margin": -1,
        "cost_ratio": -7.37,
        "sga_ratio": 74.26
      },
      {
        "fiscal_year": "2012/02",
        "sales": 4540.0,
        "operating_profit": -185.0,
        "ordinary_profit": -225.0,
        "net_profit": -714.0,
        "eps": -697.0,
        "roe": -10.01,
        "roa": -1,
        "operating_margin": -1,
        "cost_ratio": -4.07,
        "sga_ratio": 78.17
      },
      {
        "fiscal_year": "2013/02",
        "sales": 4770.0,
        "operating_profit": 14.0,
        "ordinary_profit": -41.0,
        "net_profit": -79.0,
        "eps": 0.23,
        "roe": -1.11,
        "roa": -1,
        "operating_margin": -1,
        "cost_ratio": 0.3,
        "sga_ratio": 73.69
      },
      {
        "fiscal_year": "2014/02",
        "sales": 5770.0,
        "operating_profit": -203.0,
        "ordinary_profit": -277.0,
        "net_profit": -418.0,
        "eps": -295.0,
        "roe": -5.87,
        "roa": -1,
        "operating_margin": -1,
        "cost_ratio": -3.51,
        "sga_ratio": 78.68
      },
      {
        "fiscal_year": "2015/02",
        "sales": 5840.0,
        "operating_profit": 47.0,
        "ordinary_profit": 54.0,
        "net_profit": -238.0,
        "eps": -156.0,
        "roe": -3.34,
        "roa": -1,
        "operating_margin": -1,
        "cost_ratio": 0.81,
        "sga_ratio": 75.23
      },
      {
        "fiscal_year": "2016/02",
        "sales": 4800.0,
        "operating_profit": 3.5,
        "ordinary_profit": 9.8,
        "net_profit": 115.0,
        "eps": 46.0,
        "roe": 1.61,
        "roa": 7.24,
        "operating_margin": 2.54,
        "cost_ratio": 0.07,
        "sga_ratio": 72.29
      },
      {
        "fiscal_year": "2017/02",
        "sales": 4990.0,
        "operating_profit": 13.0,
        "ordinary_profit": 11.0,
        "net_profit": -52.0,
        "eps": -158.0,
        "roe": -0.72,
        "roa": -1,
        "operating_margin": -1,
        "cost_ratio": 0.27,
        "sga_ratio": 72.45
      },
      {
        "fiscal_year": "2018/02",
        "sales": 4530.0,
        "operating_profit": -290.0,
        "ordinary_profit": -327.0,
        "net_profit": -411.0,
        "eps": -536.0,
        "roe": -5.77,
        "roa": -1,
        "operating_margin": -1,
        "cost_ratio": -6.4,
        "sga_ratio": 75.84
      },
      {
        "fiscal_year": "2019/02",
        "sales": 5320.0,
        "operating_profit": 311.0,
        "ordinary_profit": 307.0,
        "net_profit": 537.0,
        "eps": 533.0,
        "roe": 75.37,
        "roa": 37.83,
        "operating_margin": 12.36,
        "cost_ratio": 5.84,
        "sga_ratio": 72.03
      },
      {
        "fiscal_year": "2020/02",
        "sales": 4830.0,
        "operating_profit": 428.0,
        "ordinary_profit": 422.0,
        "net_profit": 308.0,
        "eps": 310.0,
        "roe": 43.26,
        "roa": 17.82,
        "operating_margin": 7.15,
        "cost_ratio": 8.87,
        "sga_ratio": 69.64
      },
      {
        "fiscal_year": "2021/02",
        "sales": 3870.0000000000005,
        "operating_profit": 320.0,
        "ordinary_profit": 365.0,
        "net_profit": 294.0,
        "eps": 292.0,
        "roe": 41.22,
        "roa": 14.53,
        "operating_margin": 6.59,
        "cost_ratio": 8.26,
        "sga_ratio": 67.52
      },
      {
        "fiscal_year": "2022/02",
        "sales": 4040.0,
        "operating_profit": 240.0,
        "ordinary_profit": 298.0,
        "net_profit": 119.0,
        "eps": 96.0,
        "roe": 16.66,
        "roa": 5.61,
        "operating_margin": 2.71,
        "cost_ratio": 5.95,
        "sga_ratio": 67.35
      },
      {
        "fiscal_year": "2023/02",
        "sales": 3050.0,
        "operating_profit": 107.0,
        "ordinary_profit": 153.0,
        "net_profit": -702.0,
        "eps": -702.0,
        "roe": -98.49,
        "roa": -1,
        "operating_margin": -1,
        "cost_ratio": 3.5,
        "sga_ratio": 65.11
      },
      {
        "fiscal_year": "2024/02",
        "sales": 3370.0000000000005,
        "operating_profit": 133.0,
        "ordinary_profit": 137.0,
        "net_profit": 91.0,
        "eps": 91.0,
        "roe": 12.78,
        "roa": 6.04,
        "operating_margin": 2.49,
        "cost_ratio": 3.94,
        "sga_ratio": 64.01
      },
      {
        "fiscal_year": "2025/02",
        "sales": 3779.9999999999995,
        "operating_profit": 67.0,
        "ordinary_profit": 62.0,
        "net_profit": 51.0,
        "roe": 7.15,
        "roa": 3.47,
        "operating_margin": 1.58,
        "cost_ratio": 1.77
      }
    ],
    "dividend_data": [
      {
        "fiscal_year": "2012/03",
        "total_dividend": 0.0
      },
      {
        "fiscal_year": "2013/03",
        "total_dividend": 0.0
      }
    ]
  },
  {
    "code": "7721",
    "name": "東京計器",
    "annual_data": [
      {
        "date": "2010/03/31",
        "per": 24.58,
        "pbr": 0.7,
        "is_per_red": false,
        "is_pbr_red": false
      },
      {
        "date": "2011/03/31",
        "per": -1,
        "pbr": 0.55,
        "is_per_red": true,
        "is_pbr_red": false
      },
      {
        "date": "2012/03/30",
        "per": 11.83,
        "pbr": 0.79,
        "is_per_red": false,
        "is_pbr_red": false
      },
      {
        "date": "2013/03/29",
        "per": 11.74,
        "pbr": 0.76,
        "is_per_red": false,
        "is_pbr_red": false
      },
      {
        "date": "2014/03/31",
        "per": 10.61,
        "pbr": 1.06,
        "is_per_red": false,
        "is_pbr_red": false
      },
      {
        "date": "2015/03/31",
        "per": 9.63,
        "pbr": 0.82,
        "is_per_red": false,
        "is_pbr_red": false
      },
      {
        "date": "2016/03/31",
        "per": 10.83,
        "pbr": 0.52,
        "is_per_red": false,
        "is_pbr_red": false
      },
      {
        "date": "2017/03/31",
        "per": 27.03,
        "pbr": 0.71,
        "is_per_red": false,
        "is_pbr_red": false
      },
      {
        "date": "2018/03/30",
        "per": 16.7,
        "pbr": 0.67,
        "is_per_red": false,
        "is_pbr_red": false
      },
      {
        "date": "2019/03/29",
        "per": 9.39,
        "pbr": 0.62,
        "is_per_red": false,
        "is_pbr_red": false
      },
      {
        "date": "2020/03/31",
        "per": 8.01,
        "pbr": 0.39,
        "is_per_red": false,
        "is_pbr_red": false
      },
      {
        "date": "2021/03/31",
        "per": 16.37,
        "pbr": 0.49,
        "is_per_red": false,
        "is_pbr_red": false
      },
      {
        "date": "2022/03/31",
        "per": 13.04,
        "pbr": 0.59,
        "is_per_red": false,
        "is_pbr_red": false
      },
      {
        "date": "2023/03/31",
        "per": 22.84,
        "pbr": 0.61,
        "is_per_red": false,
        "is_pbr_red": false
      },
      {
        "date": "2024/03/29",
        "per": 19.61,
        "pbr": 1.21,
        "is_per_red": false,
        "is_pbr_red": false
      }
    ],
    "daily_data": [],
    "financial_data": [
      {
        "fiscal_year": "2008/03",
        "sales": 51300.0,
        "operating_profit": 3850.0,
        "ordinary_profit": 3600.0,
        "net_profit": 2360.0,
        "roa": 11.62,
        "operating_margin": 4.82,
        "cost_ratio": 7.5,
        "sga_ratio": 74.41
      },
      {
        "fiscal_year": "2009/03",
        "sales": 45500.0,
        "operating_profit": 1520.0,
        "ordinary_profit": 1420.0,
        "net_profit": 417.0,
        "roa": 2.13,
        "operating_margin": 0.84,
        "cost_ratio": 3.35,
        "sga_ratio": 75.59
      },
      {
        "fiscal_year": "2010/03",
        "sales": 39200.0,
        "operating_profit": 1019.9999999999999,
        "ordinary_profit": 1080.0,
        "net_profit": 573.0,
        "roe": 6.71,
        "roa": 2.84,
        "operating_margin": 1.2,
        "cost_ratio": 2.61,
        "sga_ratio": 74.9
      },
      {
        "fiscal_year": "2011/03",
        "sales": 37200.0,
        "operating_profit": 449.0,
        "ordinary_profit": 476.0,
        "net_profit": -898.0,
        "eps": -1070.0,
        "roe": -10.52,
        "roa": -1,
        "operating_margin": -1,
        "cost_ratio": 1.21,
        "sga_ratio": 75.09
      },
      {
        "fiscal_year": "2012/03",
        "sales": 41100.0,
        "operating_profit": 2039.9999999999998,
        "ordinary_profit": 2190.0,
        "net_profit": 1310.0,
        "eps": 1370.0,
        "roe": 15.39,
        "roa": 6.66,
        "operating_margin": 2.86,
        "cost_ratio": 4.96,
        "sga_ratio": 74.05
      },
      {
        "fiscal_year": "2013/03",
        "sales": 40200.0,
        "operating_profit": 1830.0,
        "ordinary_profit": 1939.9999999999998,
        "net_profit": 1360.0,
        "eps": 1580.0,
        "roe": 15.93,
        "roa": 6.45,
        "operating_margin": 2.87,
        "cost_ratio": 4.55,
        "sga_ratio": 73.72
      },
      {
        "fiscal_year": "2014/03",
        "sales": 46000.0,
        "operating_profit": 3829.9999999999995,
        "ordinary_profit": 3979.9999999999995,
        "net_profit": 2380.0,
        "eps": 2670.0,
        "roe": 28.37,
        "roa": 10.02,
        "operating_margin": 4.75,
        "cost_ratio": 8.33,
        "sga_ratio": 73.36
      },
      {
        "fiscal_year": "2015/03",
        "sales": 43400.0,
        "operating_profit": 2930.0,
        "ordinary_profit": 3130.0,
        "net_profit": 2310.0,
        "eps": 3550.0,
        "roe": 27.63,
        "roa": 8.55,
        "operating_margin": 4.51,
        "cost_ratio": 6.76,
        "sga_ratio": 72.41
      },
      {
        "fiscal_year": "2016/03",
        "sales": 43400.0,
        "operating_profit": 1889.9999999999998,
        "ordinary_profit": 1980.0,
        "net_profit": 1250.0,
        "eps": -356.0,
        "roe": 15.05,
        "roa": 4.8,
        "operating_margin": 2.47,
        "cost_ratio": 4.35,
        "sga_ratio": 73.88
      },
      {
        "fiscal_year": "2017/03",
        "sales": 41400.0,
        "operating_profit": 1120.0,
        "ordinary_profit": 1250.0,
        "net_profit": 709.0,
        "eps": 1370.0,
        "roe": 8.55,
        "roa": 2.63,
        "operating_margin": 1.36,
        "cost_ratio": 2.71,
        "sga_ratio": 74.32
      },
      {
        "fiscal_year": "2018/03",
        "sales": 43800.0,
        "operating_profit": 1320.0,
        "ordinary_profit": 1510.0,
        "net_profit": 1120.0,
        "eps": 1510.0,
        "roe": 67.61,
        "roa": 4.0,
        "operating_margin": 1.93,
        "cost_ratio": 3.01,
        "sga_ratio": 75.03
      },
      {
        "fiscal_year": "2019/03",
        "sales": 46700.0,
        "operating_profit": 2440.0,
        "ordinary_profit": 2660.0,
        "net_profit": 1939.9999999999998,
        "eps": 1480.0,
        "roe": 117.19,
        "roa": 6.67,
        "operating_margin": 3.32,
        "cost_ratio": 5.23,
        "sga_ratio": 73.9
      },
      {
        "fiscal_year": "2020/03",
        "sales": 47400.0,
        "operating_profit": 1880.0,
        "ordinary_profit": 2010.0000000000002,
        "net_profit": 1430.0,
        "eps": 676.0,
        "roe": 86.78,
        "roa": 4.88,
        "operating_margin": 2.61,
        "cost_ratio": 3.95,
        "sga_ratio": 75.62
      },
      {
        "fiscal_year": "2021/03",
        "sales": 42100.0,
        "operating_profit": 1250.0,
        "ordinary_profit": 1460.0,
        "net_profit": 944.9999999999999,
        "eps": 2700.0,
        "roe": 57.68,
        "roa": 3.0,
        "operating_margin": 1.76,
        "cost_ratio": 2.97,
        "sga_ratio": 74.65
      },
      {
        "fiscal_year": "2022/03",
        "sales": 41500.0,
        "operating_profit": 1639.9999999999998,
        "ordinary_profit": 1930.0,
        "net_profit": 1490.0,
        "eps": 1820.0,
        "roe": 91.04,
        "roa": 4.54,
        "operating_margin": 2.67,
        "cost_ratio": 3.94,
        "sga_ratio": 73.54
      },
      {
        "fiscal_year": "2023/03",
        "sales": 44300.0,
        "operating_profit": 1310.0,
        "ordinary_profit": 1689.9999999999998,
        "net_profit": 873.0,
        "eps": 581.0,
        "roe": 53.19,
        "roa": 2.65,
        "operating_margin": 1.54,
        "cost_ratio": 2.96,
        "sga_ratio": 75.19
      },
      {
        "fiscal_year": "2024/03",
        "sales": 47200.0,
        "operating_profit": 2770.0,
        "ordinary_profit": 2990.0,
        "net_profit": 2280.0,
        "eps": 4420.0,
        "roe": 138.65,
        "roa": 6.18,
        "operating_margin": 3.4,
        "cost_ratio": 5.87,
        "sga_ratio": 72.4
      },
      {
        "fiscal_year": "2025/03",
        "sales": 58300.0,
        "operating_profit": 4100.0,
        "ordinary_profit": 4280.0,
        "net_profit": 3090.0,
        "roe": 188.08,
        "roa": 8.54,
        "operating_margin": 4.43,
        "cost_ratio": 7.03
      }
    ],
    "dividend_data": [
      {
        "fiscal_year": "2010/03",
        "total_dividend": 1.82
      },
      {
        "fiscal_year": "2011/03",
        "total_dividend": 2.48
      },
      {
        "fiscal_year": "2012/03",
        "total_dividend": 1.65
      },
      {
        "fiscal_year": "2013/03",
        "total_dividend": 1.6
      }
    ]
  },
  {
    "code": "7722",
    "name": "国際計測器",
    "annual_data": [
      {
        "date": "2010/03/31",
        "per": -1,
        "pbr": 1.3,
        "is_per_red": true,
        "is_pbr_red": false
      },
      {
        "date": "2011/03/31",
        "per": 8.83,
        "pbr": 1.42,
        "is_per_red": false,
        "is_pbr_red": false
      },
      {
        "date": "2012/03/30",
        "per": 18.24,
        "pbr": 1.63,
        "is_per_red": false,
        "is_pbr_red": false
      },
      {
        "date": "2013/03/29",
        "per": 10.87,
        "pbr": 1.36,
        "is_per_red": false,
        "is_pbr_red": false
      },
      {
        "date": "2014/03/31",
        "per": 12.12,
        "pbr": 1.99,
        "is_per_red": false,
        "is_pbr_red": false
      },
      {
        "date": "2015/03/31",
        "per": 13.71,
        "pbr": 2.62,
        "is_per_red": false,
        "is_pbr_red": false
      },
      {
        "date": "2016/03/31",
        "per": 13.59,
        "pbr": 1.81,
        "is_per_red": false,
        "is_pbr_red": false
      },
      {
        "date": "2017/03/31",
        "per": 21.74,
        "pbr": 1.22,
        "is_per_red": false,
        "is_pbr_red": false
      },
      {
        "date": "2018/03/30",
        "per": 15.43,
        "pbr": 1.29,
        "is_per_red": false,
        "is_pbr_red": false
      },
      {
        "date": "2019/03/29",
        "per": 31.19,
        "pbr": 1.05,
        "is_per_red": false,
        "is_pbr_red": false
      },
      {
        "date": "2020/03/31",
        "per": 6.05,
        "pbr": 0.84,
        "is_per_red": false,
        "is_pbr_red": false
      },
      {
        "date": "2021/03/31",
        "per": 57.0,
        "pbr": 0.94,
        "is_per_red": false,
        "is_pbr_red": false
      },
      {
        "date": "2022/03/31",
        "per": 18.4,
        "pbr": 0.78,
        "is_per_red": false,
        "is_pbr_red": false
      },
      {
        "date": "2023/03/31",
        "per": -1,
        "pbr": 0.65,
        "is_per_red": true,
        "is_pbr_red": false
      },
      {
        "date": "2024/03/29",
        "per": -1,
        "pbr": 0.67,
        "is_per_red": true,
        "is_pbr_red": false
      }
    ],
    "daily_data": [],
    "financial_data": [
      {
        "fiscal_year": "2008/03",
        "sales": 10300.0,
        "operating_profit": 2420.0,
        "ordinary_profit": 2100.0,
        "net_profit": 1250.0,
        "roa": 19.72,
        "operating_margin": 10.08,
        "cost_ratio": 23.45,
        "sga_ratio": 54.24
      },
      {
        "fiscal_year": "2009/03",
        "sales": 9500.0,
        "operating_profit": 1019.9999999999999,
        "ordinary_profit": 1110.0,
        "net_profit": 753.0,
        "roa": 12.78,
        "operating_margin": 6.72,
        "cost_ratio": 10.72,
        "sga_ratio": 64.85
      },
      {
        "fiscal_year": "2010/03",
        "sales": 5500.0,
        "operating_profit": 168.0,
        "ordinary_profit": 89.0,
        "net_profit": -31.0,
        "roe": -2.22,
        "roa": -1,
        "operating_margin": -1,
        "cost_ratio": 3.05,
        "sga_ratio": 62.92
      },
      {
        "fiscal_year": "2011/03",
        "sales": 10800.0,
        "operating_profit": 1839.9999999999998,
        "ordinary_profit": 1620.0,
        "net_profit": 1010.0,
        "eps": 852.0,
        "roe": 71.34,
        "roa": 16.04,
        "operating_margin": 7.47,
        "cost_ratio": 17.14,
        "sga_ratio": 59.95
      },
      {
        "fiscal_year": "2012/03",
        "sales": 10900.0,
        "operating_profit": 1150.0,
        "ordinary_profit": 1170.0,
        "net_profit": 557.0,
        "eps": 540.0,
        "roe": 39.21,
        "roa": 8.94,
        "operating_margin": 4.32,
        "cost_ratio": 10.54,
        "sga_ratio": 67.4
      },
      {
        "fiscal_year": "2013/03",
        "sales": 10500.0,
        "operating_profit": 1500.0,
        "ordinary_profit": 1550.0,
        "net_profit": 869.0,
        "eps": 1190.0,
        "roe": 61.17,
        "roa": 12.55,
        "operating_margin": 6.05,
        "cost_ratio": 14.29,
        "sga_ratio": 61.88
      },
      {
        "fiscal_year": "2014/03",
        "sales": 13100.0,
        "operating_profit": 2120.0,
        "ordinary_profit": 2270.0,
        "net_profit": 1340.0,
        "eps": 1720.0,
        "roe": 95.37,
        "roa": 16.41,
        "operating_margin": 7.83,
        "cost_ratio": 16.18,
        "sga_ratio": 60.45
      },
      {
        "fiscal_year": "2015/03",
        "sales": 16700.0,
        "operating_profit": 3420.0000000000005,
        "ordinary_profit": 3500.0,
        "net_profit": 1870.0,
        "eps": 2350.0,
        "roe": 133.18,
        "roa": 19.13,
        "operating_margin": 9.38,
        "cost_ratio": 20.43,
        "sga_ratio": 58.46
      },
      {
        "fiscal_year": "2016/03",
        "sales": 14900.0,
        "operating_profit": 2380.0,
        "ordinary_profit": 2250.0,
        "net_profit": 1320.0,
        "eps": 1050.0,
        "roe": 93.83,
        "roa": 13.31,
        "operating_margin": 7.59,
        "cost_ratio": 15.98,
        "sga_ratio": 62.26
      },
      {
        "fiscal_year": "2017/03",
        "sales": 11100.0,
        "operating_profit": 960.0,
        "ordinary_profit": 957.0,
        "net_profit": 548.0,
        "eps": 663.0,
        "roe": 39.09,
        "roa": 5.61,
        "operating_margin": 3.33,
        "cost_ratio": 8.66,
        "sga_ratio": 65.66
      },
      {
        "fiscal_year": "2018/03",
        "sales": 11500.0,
        "operating_profit": 1510.0,
        "ordinary_profit": 1400.0,
        "net_profit": 868.0,
        "eps": 1019.9999999999999,
        "roe": 61.9,
        "roa": 8.33,
        "operating_margin": 5.39,
        "cost_ratio": 13.14,
        "sga_ratio": 64.88
      },
      {
        "fiscal_year": "2019/03",
        "sales": 10500.0,
        "operating_profit": 638.0,
        "ordinary_profit": 728.0,
        "net_profit": 342.0,
        "eps": 159.0,
        "roe": 24.43,
        "roa": 3.38,
        "operating_margin": 2.02,
        "cost_ratio": 6.05,
        "sga_ratio": 63.53
      },
      {
        "fiscal_year": "2020/03",
        "sales": 12900.0,
        "operating_profit": 2039.9999999999998,
        "ordinary_profit": 2039.9999999999998,
        "net_profit": 1530.0,
        "eps": 1330.0,
        "roe": 108.84,
        "roa": 13.85,
        "operating_margin": 8.36,
        "cost_ratio": 15.83,
        "sga_ratio": 58.7
      },
      {
        "fiscal_year": "2021/03",
        "sales": 11500.0,
        "operating_profit": 412.0,
        "ordinary_profit": 568.0,
        "net_profit": 180.0,
        "eps": 415.00000000000006,
        "roe": 12.79,
        "roa": 1.64,
        "operating_margin": 0.96,
        "cost_ratio": 3.58,
        "sga_ratio": 68.57
      },
      {
        "fiscal_year": "2022/03",
        "sales": 11100.0,
        "operating_profit": 447.0,
        "ordinary_profit": 717.0,
        "net_profit": 475.0,
        "eps": 679.0,
        "roe": 34.24,
        "roa": 4.27,
        "operating_margin": 2.73,
        "cost_ratio": 4.01,
        "sga_ratio": 68.0
      },
      {
        "fiscal_year": "2023/03",
        "sales": 10000.0,
        "operating_profit": -39.0,
        "ordinary_profit": 189.0,
        "net_profit": -66.0,
        "eps": 227.0,
        "roe": -4.83,
        "roa": -1,
        "operating_margin": -1,
        "cost_ratio": -0.39,
        "sga_ratio": 70.89
      },
      {
        "fiscal_year": "2024/03",
        "sales": 10200.0,
        "operating_profit": -613.0,
        "ordinary_profit": -154.0,
        "net_profit": -258.0,
        "eps": 40.0,
        "roe": -18.78,
        "roa": -1,
        "operating_margin": -1,
        "cost_ratio": -5.98,
        "sga_ratio": 73.69
      },
      {
        "fiscal_year": "2025/03",
        "sales": 11000.0,
        "operating_profit": 400.0,
        "ordinary_profit": 400.0,
        "net_profit": 200.0,
        "roe": 14.77,
        "roa": 1.89,
        "operating_margin": 0.94,
        "cost_ratio": 3.64
      }
    ],
    "dividend_data": [
      {
        "fiscal_year": "2010/03",
        "total_dividend": 10.0,
        "dividend_yield": 1.9
      },
      {
        "fiscal_year": "2011/03",
        "total_dividend": 35.0,
        "dividend_yield": 5.56
      },
      {
        "fiscal_year": "2012/03",
        "total_dividend": 40.0,
        "dividend_yield": 5.59
      },
      {
        "fiscal_year": "2013/03",
        "total_dividend": 30.0,
        "dividend_yield": 4.51
      }
    ]
  },
  {
    "code": "7723",
    "name": "愛知時計電機",
    "annual_data": [
      {
        "date": "2010/03/31",
        "per": 15.06,
        "pbr": 0.89,
        "is_per_red": false,
        "is_pbr_red": false
      },
      {
        "date": "2011/03/31",
        "per": 11.57,
        "pbr": 0.88,
        "is_per_red": false,
        "is_pbr_red": false
      },
      {
        "date": "2012/03/30",
        "per": 10.13,
        "pbr": 0.89,
        "is_per_red": false,
        "is_pbr_red": false
      },
      {
        "date": "2013/03/29",
        "per": 7.9,
        "pbr": 0.69,
        "is_per_red": false,
        "is_pbr_red": false
      },
      {
        "date": "2014/03/31",
        "per": 9.29,
        "pbr": 0.77,
        "is_per_red": false,
        "is_pbr_red": false
      },
      {
        "date": "2015/03/31",
        "per": 14.36,
        "pbr": 0.78,
        "is_per_red": false,
        "is_pbr_red": false
      },
      {
        "date": "2016/03/31",
        "per": 11.14,
        "pbr": 0.73,
        "is_per_red": false,
        "is_pbr_red": false
      },
      {
        "date": "2017/03/31",
        "per": 8.63,
        "pbr": 0.8,
        "is_per_red": false,
        "is_pbr_red": false
      },
      {
        "date": "2018/03/30",
        "per": 7.65,
        "pbr": 0.78,
        "is_per_red": false,
        "is_pbr_red": false
      },
      {
        "date": "2019/03/29",
        "per": 7.36,
        "pbr": 0.72,
        "is_per_red": false,
        "is_pbr_red": false
      },
      {
        "date": "2020/03/31",
        "per": 8.92,
        "pbr": 0.7,
        "is_per_red": false,
        "is_pbr_red": false
      },
      {
        "date": "2021/03/31",
        "per": 7.45,
        "pbr": 0.65,
        "is_per_red": false,
        "is_pbr_red": false
      },
      {
        "date": "2022/03/31",
        "per": 8.55,
        "pbr": 0.68,
        "is_per_red": false,
        "is_pbr_red": false
      },
      {
        "date": "2023/03/31",
        "per": 6.64,
        "pbr": 0.6,
        "is_per_red": false,
        "is_pbr_red": false
      },
      {
        "date": "2024/03/29",
        "per": 11.72,
        "pbr": 0.84,
        "is_per_red": false,
        "is_pbr_red": false
      }
    ],
    "daily_data": [],
    "financial_data": [
      {
        "fiscal_year": "2008/03",
        "sales": 35000.0,
        "operating_profit": 484.99999999999994,
        "ordinary_profit": 639.0,
        "net_profit": 160.0,
        "roa": 1.07,
        "operating_margin": 0.44,
        "cost_ratio": 1.39,
        "sga_ratio": 82.34
      },
      {
        "fiscal_year": "2009/03",
        "sales": 37800.0,
        "operating_profit": 833.0,
        "ordinary_profit": 901.0,
        "net_profit": 424.0,
        "roa": 3.02,
        "operating_margin": 1.2,
        "cost_ratio": 2.2,
        "sga_ratio": 80.82
      },
      {
        "fiscal_year": "2010/03",
        "sales": 36200.0,
        "operating_profit": 1480.0,
        "ordinary_profit": 1520.0,
        "net_profit": 876.0,
        "roe": 6.24,
        "roa": 5.88,
        "operating_margin": 2.54,
        "cost_ratio": 4.1,
        "sga_ratio": 78.0
      },
      {
        "fiscal_year": "2011/03",
        "sales": 36900.0,
        "operating_profit": 2070.0,
        "ordinary_profit": 2090.0,
        "net_profit": 1170.0,
        "eps": 704.0,
        "roe": 8.3,
        "roa": 7.64,
        "operating_margin": 3.28,
        "cost_ratio": 5.62,
        "sga_ratio": 76.74
      },
      {
        "fiscal_year": "2012/03",
        "sales": 41000.0,
        "operating_profit": 2800.0,
        "ordinary_profit": 2930.0,
        "net_profit": 1460.0,
        "eps": 1710.0000000000002,
        "roe": 10.36,
        "roa": 8.82,
        "operating_margin": 3.69,
        "cost_ratio": 6.83,
        "sga_ratio": 75.41
      },
      {
        "fiscal_year": "2013/03",
        "sales": 44600.0,
        "operating_profit": 2400.0,
        "ordinary_profit": 2640.0,
        "net_profit": 1720.0,
        "eps": 2610.0,
        "roe": 11.13,
        "roa": 8.71,
        "operating_margin": 3.92,
        "cost_ratio": 5.39,
        "sga_ratio": 76.88
      },
      {
        "fiscal_year": "2014/03",
        "sales": 43200.0,
        "operating_profit": 2260.0,
        "ordinary_profit": 2570.0,
        "net_profit": 1630.0,
        "eps": 2050.0,
        "roe": 10.55,
        "roa": 8.26,
        "operating_margin": 3.73,
        "cost_ratio": 5.24,
        "sga_ratio": 75.4
      },
      {
        "fiscal_year": "2015/03",
        "sales": 41600.0,
        "operating_profit": 1460.0,
        "ordinary_profit": 1939.9999999999998,
        "net_profit": 1160.0,
        "eps": 2039.9999999999998,
        "roe": 7.52,
        "roa": 5.43,
        "operating_margin": 2.66,
        "cost_ratio": 3.51,
        "sga_ratio": 76.58
      },
      {
        "fiscal_year": "2016/03",
        "sales": 41800.0,
        "operating_profit": 1800.0,
        "ordinary_profit": 1930.0,
        "net_profit": 1410.0,
        "eps": 824.0,
        "roe": 9.16,
        "roa": 6.53,
        "operating_margin": 3.06,
        "cost_ratio": 4.3,
        "sga_ratio": 76.33
      },
      {
        "fiscal_year": "2017/03",
        "sales": 44800.0,
        "operating_profit": 2890.0,
        "ordinary_profit": 3010.0,
        "net_profit": 2240.0,
        "eps": 2850.0,
        "roe": 145.15,
        "roa": 9.32,
        "operating_margin": 4.66,
        "cost_ratio": 6.46,
        "sga_ratio": 74.95
      },
      {
        "fiscal_year": "2018/03",
        "sales": 47300.0,
        "operating_profit": 3710.0,
        "ordinary_profit": 3870.0000000000005,
        "net_profit": 2790.0,
        "eps": 3679.9999999999995,
        "roe": 181.54,
        "roa": 10.26,
        "operating_margin": 5.46,
        "cost_ratio": 7.84,
        "sga_ratio": 74.32
      },
      {
        "fiscal_year": "2019/03",
        "sales": 46700.0,
        "operating_profit": 3410.0,
        "ordinary_profit": 3800.0,
        "net_profit": 2830.0,
        "eps": 2580.0,
        "roe": 184.13,
        "roa": 9.71,
        "operating_margin": 5.35,
        "cost_ratio": 7.31,
        "sga_ratio": 74.02
      },
      {
        "fiscal_year": "2020/03",
        "sales": 48100.0,
        "operating_profit": 2990.0,
        "ordinary_profit": 3220.0000000000005,
        "net_profit": 2350.0,
        "eps": 1570.0,
        "roe": 152.88,
        "roa": 7.8,
        "operating_margin": 4.49,
        "cost_ratio": 6.2,
        "sga_ratio": 75.59
      },
      {
        "fiscal_year": "2021/03",
        "sales": 46200.0,
        "operating_profit": 3000.0,
        "ordinary_profit": 3300.0,
        "net_profit": 2990.0,
        "eps": 4890.0,
        "roe": 194.6,
        "roa": 8.7,
        "operating_margin": 5.23,
        "cost_ratio": 6.49,
        "sga_ratio": 75.14
      },
      {
        "fiscal_year": "2022/03",
        "sales": 46500.0,
        "operating_profit": 3290.0,
        "ordinary_profit": 3810.0,
        "net_profit": 2790.0,
        "eps": 1600.0,
        "roe": 181.43,
        "roa": 7.92,
        "operating_margin": 5.34,
        "cost_ratio": 7.07,
        "sga_ratio": 75.09
      },
      {
        "fiscal_year": "2023/03",
        "sales": 50200.0,
        "operating_profit": 3979.9999999999995,
        "ordinary_profit": 4650.0,
        "net_profit": 3460.0,
        "eps": 3960.0,
        "roe": 225.35,
        "roa": 9.01,
        "operating_margin": 6.14,
        "cost_ratio": 7.93,
        "sga_ratio": 75.45
      },
      {
        "fiscal_year": "2024/03",
        "sales": 51200.0,
        "operating_profit": 3620.0000000000005,
        "ordinary_profit": 4270.0,
        "net_profit": 3170.0,
        "eps": 6659.999999999999,
        "roe": 206.91,
        "roa": 7.19,
        "operating_margin": 5.17,
        "cost_ratio": 7.06,
        "sga_ratio": 76.59
      },
      {
        "fiscal_year": "2025/03",
        "sales": 53100.0,
        "operating_profit": 3600.0,
        "ordinary_profit": 4300.0,
        "net_profit": 3160.0,
        "roe": 205.5,
        "roa": 7.05,
        "operating_margin": 5.25,
        "cost_ratio": 6.79
      }
    ],
    "dividend_data": [
      {
        "fiscal_year": "2010/03",
        "total_dividend": 7.0,
        "dividend_yield": 2.33
      },
      {
        "fiscal_year": "2011/03",
        "total_dividend": 7.5,
        "dividend_yield": 2.5
      },
      {
        "fiscal_year": "2012/03",
        "total_dividend": 9.0,
        "dividend_yield": 3.0
      },
      {
        "fiscal_year": "2013/03",
        "total_dividend": 9.0,
        "dividend_yield": 3.0
      }
    ]
  },
  {
    "code": "7725",
    "name": "インターアクション",
    "annual_data": [
      {
        "date": "2010/05/31",
        "per": -1,
        "pbr": 4.19,
        "is_per_red": true,
        "is_pbr_red": false
      },
      {
        "date": "2011/05/31",
        "per": -1,
        "pbr": 8.36,
        "is_per_red": true,
        "is_pbr_red": false
      },
      {
        "date": "2012/05/31",
        "per": 7.12,
        "pbr": 2.71,
        "is_per_red": false,
        "is_pbr_red": false
      },
      {
        "date": "2013/05/31",
        "per": 12.16,
        "pbr": 2.36,
        "is_per_red": false,
        "is_pbr_red": false
      },
      {
        "date": "2014/05/30",
        "per": 11.19,
        "pbr": 1.49,
        "is_per_red": false,
        "is_pbr_red": false
      },
      {
        "date": "2015/05/29",
        "per": 11.54,
        "pbr": 1.81,
        "is_per_red": false,
        "is_pbr_red": false
      },
      {
        "date": "2016/05/31",
        "per": 12.68,
        "pbr": 1.39,
        "is_per_red": false,
        "is_pbr_red": false
      },
      {
        "date": "2017/05/31",
        "per": 19.08,
        "pbr": 2.4,
        "is_per_red": false,
        "is_pbr_red": false
      },
      {
        "date": "2018/05/31",
        "per": 18.48,
        "pbr": 3.44,
        "is_per_red": false,
        "is_pbr_red": false
      },
      {
        "date": "2019/05/31",
        "per": 9.54,
        "pbr": 2.04,
        "is_per_red": false,
        "is_pbr_red": false
      },
      {
        "date": "2020/05/29",
        "per": 24.03,
        "pbr": 3.07,
        "is_per_red": false,
        "is_pbr_red": false
      },
      {
        "date": "2021/05/31",
        "per": 22.09,
        "pbr": 2.84,
        "is_per_red": false,
        "is_pbr_red": false
      },
      {
        "date": "2022/05/31",
        "per": 31.1,
        "pbr": 2.52,
        "is_per_red": false,
        "is_pbr_red": false
      },
      {
        "date": "2023/05/31",
        "per": 15.77,
        "pbr": 1.52,
        "is_per_red": false,
        "is_pbr_red": false
      },
      {
        "date": "2024/05/31",
        "per": 14.14,
        "pbr": 1.45,
        "is_per_red": false,
        "is_pbr_red": false
      }
    ],
    "daily_data": [],
    "financial_data": [
      {
        "fiscal_year": "2008/05",
        "sales": 1720.0,
        "operating_profit": -159.0,
        "ordinary_profit": -225.99999999999997,
        "net_profit": -169.0,
        "roa": -1,
        "operating_margin": -1,
        "cost_ratio": -9.23,
        "sga_ratio": 58.08
      },
      {
        "fiscal_year": "2009/05",
        "sales": 703.0,
        "operating_profit": -603.0,
        "ordinary_profit": -653.0,
        "net_profit": -1030.0,
        "roa": -1,
        "operating_margin": -1,
        "cost_ratio": -85.83,
        "sga_ratio": 100.19
      },
      {
        "fiscal_year": "2010/05",
        "sales": 503.0,
        "operating_profit": -363.0,
        "ordinary_profit": -386.0,
        "net_profit": -672.0,
        "roe": -105.27,
        "roa": -1,
        "operating_margin": -1,
        "cost_ratio": -72.05,
        "sga_ratio": 81.82
      },
      {
        "fiscal_year": "2011/05",
        "sales": 627.0,
        "operating_profit": -79.0,
        "ordinary_profit": -100.0,
        "net_profit": -80.0,
        "eps": -81.0,
        "roe": -10.46,
        "roa": -1,
        "operating_margin": -1,
        "cost_ratio": -12.6,
        "sga_ratio": 50.05
      },
      {
        "fiscal_year": "2012/05",
        "sales": 1470.0,
        "operating_profit": 397.0,
        "ordinary_profit": 405.99999999999994,
        "net_profit": 401.0,
        "eps": 401.0,
        "roe": 52.27,
        "roa": 38.07,
        "operating_margin": 22.85,
        "cost_ratio": 26.99,
        "sga_ratio": 40.32
      },
      {
        "fiscal_year": "2013/05",
        "sales": 1520.0,
        "operating_profit": 295.0,
        "ordinary_profit": 330.0,
        "net_profit": 418.0,
        "eps": 426.99999999999994,
        "roe": 41.54,
        "roa": 19.4,
        "operating_margin": 12.45,
        "cost_ratio": 19.47,
        "sga_ratio": 45.0
      },
      {
        "fiscal_year": "2014/05",
        "sales": 2510.0,
        "operating_profit": 419.00000000000006,
        "ordinary_profit": 411.00000000000006,
        "net_profit": 319.0,
        "eps": 314.0,
        "roe": 31.8,
        "roa": 13.3,
        "operating_margin": 8.88,
        "cost_ratio": 16.69,
        "sga_ratio": 53.34
      },
      {
        "fiscal_year": "2015/05",
        "sales": 4000.0,
        "operating_profit": 455.99999999999994,
        "ordinary_profit": 446.0,
        "net_profit": 425.0,
        "eps": 459.0,
        "roe": 42.81,
        "roa": 16.02,
        "operating_margin": 8.04,
        "cost_ratio": 11.42,
        "sga_ratio": 64.32
      },
      {
        "fiscal_year": "2016/05",
        "sales": 5080.0,
        "operating_profit": 468.0,
        "ordinary_profit": 443.0,
        "net_profit": 310.0,
        "eps": 293.0,
        "roe": 31.95,
        "roa": 11.0,
        "operating_margin": 5.3,
        "cost_ratio": 9.21,
        "sga_ratio": 67.68
      },
      {
        "fiscal_year": "2017/05",
        "sales": 5370.0,
        "operating_profit": 434.99999999999994,
        "ordinary_profit": 417.0,
        "net_profit": 395.0,
        "eps": 405.0,
        "roe": 41.52,
        "roa": 12.59,
        "operating_margin": 7.87,
        "cost_ratio": 8.11,
        "sga_ratio": 66.31
      },
      {
        "fiscal_year": "2018/05",
        "sales": 6010.0,
        "operating_profit": 1010.0,
        "ordinary_profit": 988.0000000000001,
        "net_profit": 687.0,
        "eps": 703.0,
        "roe": 72.58,
        "roa": 18.65,
        "operating_margin": 10.44,
        "cost_ratio": 16.74,
        "sga_ratio": 55.41
      },
      {
        "fiscal_year": "2019/05",
        "sales": 7990.000000000001,
        "operating_profit": 1980.0,
        "ordinary_profit": 1939.9999999999998,
        "net_profit": 1390.0,
        "eps": 1360.0,
        "roe": 141.13,
        "roa": 18.97,
        "operating_margin": 13.34,
        "cost_ratio": 24.79,
        "sga_ratio": 51.68
      },
      {
        "fiscal_year": "2020/05",
        "sales": 7080.0,
        "operating_profit": 1560.0,
        "ordinary_profit": 1550.0,
        "net_profit": 1000.0,
        "eps": 978.9999999999999,
        "roe": 91.94,
        "roa": 12.76,
        "operating_margin": 10.04,
        "cost_ratio": 21.96,
        "sga_ratio": 50.99
      },
      {
        "fiscal_year": "2021/05",
        "sales": 6630.0,
        "operating_profit": 1750.0,
        "ordinary_profit": 1750.0,
        "net_profit": 1160.0,
        "eps": 1190.0,
        "roe": 105.61,
        "roa": 12.83,
        "operating_margin": 10.02,
        "cost_ratio": 26.43,
        "sga_ratio": 48.05
      },
      {
        "fiscal_year": "2022/05",
        "sales": 6020.0,
        "operating_profit": 1130.0,
        "ordinary_profit": 1200.0,
        "net_profit": 761.0,
        "eps": 779.0,
        "roe": 69.58,
        "roa": 8.15,
        "operating_margin": 6.6,
        "cost_ratio": 18.79,
        "sga_ratio": 54.52
      },
      {
        "fiscal_year": "2023/05",
        "sales": 6859.999999999999,
        "operating_profit": 1450.0,
        "ordinary_profit": 1500.0,
        "net_profit": 981.0,
        "eps": 980.0000000000001,
        "roe": 90.12,
        "roa": 9.68,
        "operating_margin": 7.78,
        "cost_ratio": 21.13,
        "sga_ratio": 51.49
      },
      {
        "fiscal_year": "2024/05",
        "sales": 7750.0,
        "operating_profit": 1580.0,
        "ordinary_profit": 1639.9999999999998,
        "net_profit": 1130.0,
        "eps": 1170.0,
        "roe": 104.15,
        "roa": 10.26,
        "operating_margin": 8.3,
        "cost_ratio": 20.34,
        "sga_ratio": 57.36
      },
      {
        "fiscal_year": "2025/05",
        "sales": 6559.999999999999,
        "operating_profit": 986.9999999999999,
        "ordinary_profit": 965.0,
        "net_profit": 652.0,
        "roe": 59.85,
        "roa": 5.78,
        "operating_margin": 4.78,
        "cost_ratio": 15.05
      }
    ],
    "dividend_data": [
      {
        "fiscal_year": "2012/03",
        "total_dividend": 500.0,
        "dividend_yield": 5.0
      },
      {
        "fiscal_year": "2013/03",
        "total_dividend": 500.0,
        "dividend_yield": 5.0
      }
    ]
  },
  {
    "code": "7727",
    "name": "オーバル",
    "annual_data": [
      {
        "date": "2010/03/31",
        "per": 272.0,
        "pbr": 0.35,
        "is_per_red": false,
        "is_pbr_red": false
      },
      {
        "date": "2011/03/31",
        "per": 13.9,
        "pbr": 0.42,
        "is_per_red": false,
        "is_pbr_red": false
      },
      {
        "date": "2012/03/30",
        "per": 14.37,
        "pbr": 0.41,
        "is_per_red": false,
        "is_pbr_red": false
      },
      {
        "date": "2013/03/29",
        "per": 18.29,
        "pbr": 0.37,
        "is_per_red": false,
        "is_pbr_red": false
      },
      {
        "date": "2014/03/31",
        "per": 23.17,
        "pbr": 0.34,
        "is_per_red": false,
        "is_pbr_red": false
      },
      {
        "date": "2015/03/31",
        "per": 28.22,
        "pbr": 0.58,
        "is_per_red": false,
        "is_pbr_red": false
      },
      {
        "date": "2016/03/31",
        "per": 15.55,
        "pbr": 0.44,
        "is_per_red": false,
        "is_pbr_red": false
      },
      {
        "date": "2017/03/31",
        "per": 21.83,
        "pbr": 0.48,
        "is_per_red": false,
        "is_pbr_red": false
      },
      {
        "date": "2018/03/30",
        "per": 55.74,
        "pbr": 0.54,
        "is_per_red": false,
        "is_pbr_red": false
      },
      {
        "date": "2019/03/29",
        "per": 11.56,
        "pbr": 0.43,
        "is_per_red": false,
        "is_pbr_red": false
      },
      {
        "date": "2020/03/31",
        "per": 17.05,
        "pbr": 0.38,
        "is_per_red": false,
        "is_pbr_red": false
      },
      {
        "date": "2021/03/31",
        "per": 223.26,
        "pbr": 0.51,
        "is_per_red": false,
        "is_pbr_red": false
      },
      {
        "date": "2022/03/31",
        "per": 22.16,
        "pbr": 0.48,
        "is_per_red": false,
        "is_pbr_red": false
      },
      {
        "date": "2023/03/31",
        "per": 14.11,
        "pbr": 0.66,
        "is_per_red": false,
        "is_pbr_red": false
      },
      {
        "date": "2024/03/29",
        "per": 11.36,
        "pbr": 0.84,
        "is_per_red": false,
        "is_pbr_red": false
      }
    ],
    "daily_data": [],
    "financial_data": [
      {
        "fiscal_year": "2008/03",
        "sales": 14200.0,
        "operating_profit": 871.0000000000001,
        "ordinary_profit": 828.9999999999999,
        "net_profit": 670.0,
        "roa": 6.7,
        "operating_margin": 3.85,
        "cost_ratio": 6.14,
        "sga_ratio": 68.91
      },
      {
        "fiscal_year": "2009/03",
        "sales": 14200.0,
        "operating_profit": 537.0,
        "ordinary_profit": 517.0,
        "net_profit": 386.0,
        "roa": 3.85,
        "operating_margin": 2.19,
        "cost_ratio": 3.79,
        "sga_ratio": 70.64
      },
      {
        "fiscal_year": "2010/03",
        "sales": 9940.0,
        "operating_profit": -11.0,
        "ordinary_profit": 146.0,
        "net_profit": 13.0,
        "roe": 0.5,
        "roa": 0.13,
        "operating_margin": 0.08,
        "cost_ratio": -0.11,
        "sga_ratio": 67.2
      },
      {
        "fiscal_year": "2011/03",
        "sales": 11000.0,
        "operating_profit": 565.0,
        "ordinary_profit": 613.0,
        "net_profit": 307.0,
        "eps": 222.00000000000003,
        "roe": 11.73,
        "roa": 2.99,
        "operating_margin": 1.7,
        "cost_ratio": 5.13,
        "sga_ratio": 64.14
      },
      {
        "fiscal_year": "2012/03",
        "sales": 12800.0,
        "operating_profit": 563.0,
        "ordinary_profit": 640.0,
        "net_profit": 304.0,
        "eps": 630.0,
        "roe": 11.62,
        "roa": 2.83,
        "operating_margin": 1.59,
        "cost_ratio": 4.4,
        "sga_ratio": 67.29
      },
      {
        "fiscal_year": "2013/03",
        "sales": 12000.0,
        "operating_profit": 337.0,
        "ordinary_profit": 469.00000000000006,
        "net_profit": 225.99999999999997,
        "eps": 503.0,
        "roe": 8.64,
        "roa": 2.05,
        "operating_margin": 1.21,
        "cost_ratio": 2.81,
        "sga_ratio": 66.91
      },
      {
        "fiscal_year": "2014/03",
        "sales": 11400.0,
        "operating_profit": 326.0,
        "ordinary_profit": 426.0,
        "net_profit": 168.0,
        "eps": 719.0,
        "roe": 7.51,
        "roa": 1.48,
        "operating_margin": 0.86,
        "cost_ratio": 2.86,
        "sga_ratio": 64.96
      },
      {
        "fiscal_year": "2015/03",
        "sales": 12900.0,
        "operating_profit": 359.0,
        "ordinary_profit": 498.00000000000006,
        "net_profit": 256.0,
        "eps": 714.0,
        "roe": 11.41,
        "roa": 2.05,
        "operating_margin": 1.22,
        "cost_ratio": 2.78,
        "sga_ratio": 67.73
      },
      {
        "fiscal_year": "2016/03",
        "sales": 13100.0,
        "operating_profit": 641.0,
        "ordinary_profit": 726.0,
        "net_profit": 347.0,
        "eps": 80.0,
        "roe": 15.5,
        "roa": 2.8,
        "operating_margin": 1.62,
        "cost_ratio": 4.89,
        "sga_ratio": 65.63
      },
      {
        "fiscal_year": "2017/03",
        "sales": 12100.0,
        "operating_profit": 372.0,
        "ordinary_profit": 419.00000000000006,
        "net_profit": 272.0,
        "eps": 206.0,
        "roe": 12.14,
        "roa": 2.18,
        "operating_margin": 1.32,
        "cost_ratio": 3.08,
        "sga_ratio": 64.3
      },
      {
        "fiscal_year": "2018/03",
        "sales": 10900.0,
        "operating_profit": 252.99999999999997,
        "ordinary_profit": 284.0,
        "net_profit": 123.0,
        "eps": 265.0,
        "roe": 5.49,
        "roa": 0.98,
        "operating_margin": 0.6,
        "cost_ratio": 2.31,
        "sga_ratio": 62.82
      },
      {
        "fiscal_year": "2019/03",
        "sales": 11700.0,
        "operating_profit": 419.00000000000006,
        "ordinary_profit": 498.00000000000006,
        "net_profit": 473.00000000000006,
        "eps": 415.00000000000006,
        "roe": 21.1,
        "roa": 3.69,
        "operating_margin": 2.28,
        "cost_ratio": 3.58,
        "sga_ratio": 63.62
      },
      {
        "fiscal_year": "2020/03",
        "sales": 11900.0,
        "operating_profit": 484.0,
        "ordinary_profit": 562.0,
        "net_profit": 282.0,
        "eps": 135.0,
        "roe": 12.61,
        "roa": 2.21,
        "operating_margin": 1.35,
        "cost_ratio": 4.07,
        "sga_ratio": 63.67
      },
      {
        "fiscal_year": "2021/03",
        "sales": 10300.0,
        "operating_profit": -110.00000000000001,
        "ordinary_profit": 42.0,
        "net_profit": 28.999999999999996,
        "eps": 81.0,
        "roe": 1.29,
        "roa": 0.23,
        "operating_margin": 0.13,
        "cost_ratio": -1.06,
        "sga_ratio": 64.93
      },
      {
        "fiscal_year": "2022/03",
        "sales": 11100.0,
        "operating_profit": 277.0,
        "ordinary_profit": 470.0,
        "net_profit": 286.0,
        "eps": 568.0,
        "roe": 12.77,
        "roa": 2.18,
        "operating_margin": 1.32,
        "cost_ratio": 2.48,
        "sga_ratio": 63.35
      },
      {
        "fiscal_year": "2023/03",
        "sales": 13300.0,
        "operating_profit": 1110.0,
        "ordinary_profit": 1230.0,
        "net_profit": 649.0,
        "eps": 935.0,
        "roe": 28.98,
        "roa": 4.68,
        "operating_margin": 2.9,
        "cost_ratio": 8.3,
        "sga_ratio": 60.36
      },
      {
        "fiscal_year": "2024/03",
        "sales": 14300.0,
        "operating_profit": 1480.0,
        "ordinary_profit": 1570.0,
        "net_profit": 1100.0,
        "eps": 1370.0,
        "roe": 49.2,
        "roa": 7.39,
        "operating_margin": 4.7,
        "cost_ratio": 10.29,
        "sga_ratio": 58.51
      },
      {
        "fiscal_year": "2025/03",
        "sales": 14000.0,
        "operating_profit": 1300.0,
        "ordinary_profit": 1400.0,
        "net_profit": 880.0000000000001,
        "roe": 39.28,
        "roa": 5.7,
        "operating_margin": 3.73,
        "cost_ratio": 9.29
      }
    ],
    "dividend_data": [
      {
        "fiscal_year": "2010/03",
        "total_dividend": 4.0,
        "dividend_yield": 2.94
      },
      {
        "fiscal_year": "2011/03",
        "total_dividend": 4.0,
        "dividend_yield": 2.45
      },
      {
        "fiscal_year": "2012/03",
        "total_dividend": 5.0,
        "dividend_yield": 2.99
      },
      {
        "fiscal_year": "2013/03",
        "total_dividend": 5.0,
        "dividend_yield": 3.16
      }
    ]
  },
  {
    "code": "7729",
    "name": "東京精密",
    "annual_data": [
      {
        "date": "2010/03/31",
        "per": -1,
        "pbr": 1.71,
        "is_per_red": true,
        "is_pbr_red": false
      },
      {
        "date": "2011/03/31",
        "per": 10.06,
        "pbr": 1.37,
        "is_per_red": false,
        "is_pbr_red": false
      },
      {
        "date": "2012/03/30",
        "per": 8.23,
        "pbr": 1.35,
        "is_per_red": false,
        "is_pbr_red": false
      },
      {
        "date": "2013/03/29",
        "per": 20.19,
        "pbr": 1.41,
        "is_per_red": false,
        "is_pbr_red": false
      },
      {
        "date": "2014/03/31",
        "per": 12.79,
        "pbr": 1.17,
        "is_per_red": false,
        "is_pbr_red": false
      },
      {
        "date": "2015/03/31",
        "per": 12.63,
        "pbr": 1.54,
        "is_per_red": false,
        "is_pbr_red": false
      },
      {
        "date": "2016/03/31",
        "per": 9.41,
        "pbr": 1.16,
        "is_per_red": false,
        "is_pbr_red": false
      },
      {
        "date": "2017/03/31",
        "per": 14.65,
        "pbr": 1.68,
        "is_per_red": false,
        "is_pbr_red": false
      },
      {
        "date": "2018/03/30",
        "per": 14.02,
        "pbr": 1.81,
        "is_per_red": false,
        "is_pbr_red": false
      },
      {
        "date": "2019/03/29",
        "per": 7.98,
        "pbr": 1.1,
        "is_per_red": false,
        "is_pbr_red": false
      },
      {
        "date": "2020/03/31",
        "per": 17.92,
        "pbr": 1.18,
        "is_per_red": false,
        "is_pbr_red": false
      },
      {
        "date": "2021/03/31",
        "per": 17.15,
        "pbr": 1.79,
        "is_per_red": false,
        "is_pbr_red": false
      },
      {
        "date": "2022/03/31",
        "per": 9.34,
        "pbr": 1.53,
        "is_per_red": false,
        "is_pbr_red": false
      },
      {
        "date": "2023/03/31",
        "per": 8.81,
        "pbr": 1.43,
        "is_per_red": false,
        "is_pbr_red": false
      },
      {
        "date": "2024/03/29",
        "per": 25.34,
        "pbr": 3.14,
        "is_per_red": false,
        "is_pbr_red": false
      }
    ],
    "daily_data": [],
    "financial_data": [
      {
        "fiscal_year": "2008/03",
        "sales": 91800.0,
        "operating_profit": 10500.0,
        "ordinary_profit": 9380.0,
        "net_profit": 4810.0,
        "roa": 8.73,
        "operating_margin": 4.47,
        "cost_ratio": 11.38,
        "sga_ratio": 73.8
      },
      {
        "fiscal_year": "2009/03",
        "sales": 45700.0,
        "operating_profit": -2470.0,
        "ordinary_profit": -2840.0,
        "net_profit": -11200.0,
        "roa": -1,
        "operating_margin": -1,
        "cost_ratio": -5.39,
        "sga_ratio": 82.44
      },
      {
        "fiscal_year": "2010/03",
        "sales": 30700.0,
        "operating_profit": -1570.0,
        "ordinary_profit": -1870.0,
        "net_profit": -3510.0,
        "roe": -85.16,
        "roa": -1,
        "operating_margin": -1,
        "cost_ratio": -5.1,
        "sga_ratio": 86.35
      },
      {
        "fiscal_year": "2011/03",
        "sales": 49700.0,
        "operating_profit": 6680.0,
        "ordinary_profit": 6030.0,
        "net_profit": 6100.0,
        "eps": 6170.0,
        "roe": 147.95,
        "roa": 13.62,
        "operating_margin": 7.92,
        "cost_ratio": 13.45,
        "sga_ratio": 68.86
      },
      {
        "fiscal_year": "2012/03",
        "sales": 57700.0,
        "operating_profit": 9700.0,
        "ordinary_profit": 9300.0,
        "net_profit": 8610.0,
        "eps": 8360.0,
        "roe": 208.63,
        "roa": 16.36,
        "operating_margin": 11.06,
        "cost_ratio": 16.81,
        "sga_ratio": 67.82
      },
      {
        "fiscal_year": "2013/03",
        "sales": 51000.0,
        "operating_profit": 7509.999999999999,
        "ordinary_profit": 7890.000000000001,
        "net_profit": 4000.0,
        "eps": 4720.0,
        "roe": 96.84,
        "roa": 7.0,
        "operating_margin": 5.13,
        "cost_ratio": 14.71,
        "sga_ratio": 64.77
      },
      {
        "fiscal_year": "2014/03",
        "sales": 55300.0,
        "operating_profit": 8470.0,
        "ordinary_profit": 9020.0,
        "net_profit": 5860.0,
        "eps": 7170.0,
        "roe": 142.05,
        "roa": 9.12,
        "operating_margin": 7.1,
        "cost_ratio": 15.32,
        "sga_ratio": 63.05
      },
      {
        "fiscal_year": "2015/03",
        "sales": 66400.0,
        "operating_profit": 12100.0,
        "ordinary_profit": 12800.0,
        "net_profit": 8990.0,
        "eps": 11000.0,
        "roe": 217.97,
        "roa": 12.18,
        "operating_margin": 9.13,
        "cost_ratio": 18.25,
        "sga_ratio": 60.61
      },
      {
        "fiscal_year": "2016/03",
        "sales": 70300.0,
        "operating_profit": 13200.0,
        "ordinary_profit": 13200.0,
        "net_profit": 9700.0,
        "eps": 7200.0,
        "roe": 234.58,
        "roa": 12.32,
        "operating_margin": 9.52,
        "cost_ratio": 18.81,
        "sga_ratio": 60.03
      },
      {
        "fiscal_year": "2017/03",
        "sales": 77800.0,
        "operating_profit": 13700.0,
        "ordinary_profit": 13900.0,
        "net_profit": 9910.0,
        "eps": 10400.0,
        "roe": 239.31,
        "roa": 11.47,
        "operating_margin": 8.66,
        "cost_ratio": 17.56,
        "sga_ratio": 61.9
      },
      {
        "fiscal_year": "2018/03",
        "sales": 88200.0,
        "operating_profit": 17300.0,
        "ordinary_profit": 17300.0,
        "net_profit": 12700.0,
        "eps": 15100.0,
        "roe": 306.4,
        "roa": 12.93,
        "operating_margin": 9.57,
        "cost_ratio": 19.6,
        "sga_ratio": 61.02
      },
      {
        "fiscal_year": "2019/03",
        "sales": 101500.0,
        "operating_profit": 20200.0,
        "ordinary_profit": 20800.0,
        "net_profit": 14700.0,
        "eps": 12200.0,
        "roe": 352.91,
        "roa": 13.83,
        "operating_margin": 9.31,
        "cost_ratio": 19.92,
        "sga_ratio": 59.53
      },
      {
        "fiscal_year": "2020/03",
        "sales": 87900.0,
        "operating_profit": 12300.0,
        "ordinary_profit": 12400.0,
        "net_profit": 7159.999999999999,
        "eps": 6380.0,
        "roe": 171.88,
        "roa": 6.6,
        "operating_margin": 4.88,
        "cost_ratio": 13.97,
        "sga_ratio": 60.79
      },
      {
        "fiscal_year": "2021/03",
        "sales": 97100.0,
        "operating_profit": 15600.0,
        "ordinary_profit": 15900.0,
        "net_profit": 12200.0,
        "eps": 13000.0,
        "roe": 293.83,
        "roa": 10.55,
        "operating_margin": 7.54,
        "cost_ratio": 16.03,
        "sga_ratio": 61.98
      },
      {
        "fiscal_year": "2022/03",
        "sales": 130700.0,
        "operating_profit": 28300.0,
        "ordinary_profit": 29200.0,
        "net_profit": 21300.0,
        "eps": 22400.0,
        "roe": 522.51,
        "roa": 16.46,
        "operating_margin": 11.21,
        "cost_ratio": 21.67,
        "sga_ratio": 59.44
      },
      {
        "fiscal_year": "2023/03",
        "sales": 146800.0,
        "operating_profit": 34500.0,
        "ordinary_profit": 35300.0,
        "net_profit": 23600.0,
        "eps": 24700.0,
        "roe": 581.31,
        "roa": 16.38,
        "operating_margin": 11.3,
        "cost_ratio": 23.5,
        "sga_ratio": 57.88
      },
      {
        "fiscal_year": "2024/03",
        "sales": 134700.0,
        "operating_profit": 25300.0,
        "ordinary_profit": 26500.0,
        "net_profit": 19400.0,
        "eps": 21200.0,
        "roe": 480.47,
        "roa": 12.38,
        "operating_margin": 8.59,
        "cost_ratio": 18.79,
        "sga_ratio": 59.34
      },
      {
        "fiscal_year": "2025/03",
        "sales": 145000.0,
        "operating_profit": 28000.0,
        "ordinary_profit": 28000.0,
        "net_profit": 23000.0,
        "roe": 568.5,
        "roa": 13.8,
        "operating_margin": 9.89,
        "cost_ratio": 19.31
      }
    ],
    "dividend_data": [
      {
        "fiscal_year": "2011/03",
        "total_dividend": 10.0,
        "dividend_yield": 0.67
      },
      {
        "fiscal_year": "2012/03",
        "total_dividend": 16.0,
        "dividend_yield": 0.93
      },
      {
        "fiscal_year": "2013/03",
        "total_dividend": 16.0,
        "dividend_yield": 0.82
      }
    ]
  },
  {
    "code": "7730",
    "name": "マニー",
    "annual_data": [
      {
        "date": "2012/08/31",
        "per": 15.46,
        "pbr": 1.76,
        "is_per_red": false,
        "is_pbr_red": false
      },
      {
        "date": "2013/08/30",
        "per": 16.81,
        "pbr": 1.73,
        "is_per_red": false,
        "is_pbr_red": false
      },
      {
        "date": "2014/08/29",
        "per": 24.77,
        "pbr": 2.76,
        "is_per_red": false,
        "is_pbr_red": false
      },
      {
        "date": "2015/08/31",
        "per": 30.82,
        "pbr": 3.31,
        "is_per_red": false,
        "is_pbr_red": false
      },
      {
        "date": "2016/08/31",
        "per": 22.92,
        "pbr": 2.56,
        "is_per_red": false,
        "is_pbr_red": false
      },
      {
        "date": "2017/08/31",
        "per": 25.21,
        "pbr": 2.74,
        "is_per_red": false,
        "is_pbr_red": false
      },
      {
        "date": "2018/08/31",
        "per": 42.25,
        "pbr": 4.75,
        "is_per_red": false,
        "is_pbr_red": false
      },
      {
        "date": "2019/08/30",
        "per": 40.05,
        "pbr": 6.92,
        "is_per_red": false,
        "is_pbr_red": false
      },
      {
        "date": "2020/08/31",
        "per": 79.48,
        "pbr": 7.24,
        "is_per_red": false,
        "is_pbr_red": false
      },
      {
        "date": "2021/08/31",
        "per": 49.93,
        "pbr": 5.47,
        "is_per_red": false,
        "is_pbr_red": false
      },
      {
        "date": "2022/08/31",
        "per": 32.67,
        "pbr": 3.81,
        "is_per_red": false,
        "is_pbr_red": false
      },
      {
        "date": "2023/08/31",
        "per": 31.4,
        "pbr": 3.75,
        "is_per_red": false,
        "is_pbr_red": false
      },
      {
        "date": "2024/08/30",
        "per": 30.82,
        "pbr": 3.7,
        "is_per_red": false,
        "is_pbr_red": false
      }
    ],
    "daily_data": [],
    "financial_data": [
      {
        "fiscal_year": "2008/08",
        "sales": 8790.0,
        "operating_profit": 3420.0000000000005,
        "ordinary_profit": 3510.0,
        "net_profit": 2160.0,
        "roa": 15.13,
        "operating_margin": 13.44,
        "cost_ratio": 38.86,
        "sga_ratio": 40.39
      },
      {
        "fiscal_year": "2009/08",
        "sales": 9290.0,
        "operating_profit": 3420.0000000000005,
        "ordinary_profit": 3479.9999999999995,
        "net_profit": 2160.0,
        "roa": 14.05,
        "operating_margin": 12.57,
        "cost_ratio": 36.79,
        "sga_ratio": 41.46
      },
      {
        "fiscal_year": "2010/08",
        "sales": 9440.0,
        "operating_profit": 3550.0,
        "ordinary_profit": 3590.0,
        "net_profit": 2250.0,
        "roe": 21.1,
        "roa": 13.25,
        "operating_margin": 11.83,
        "cost_ratio": 37.62,
        "sga_ratio": 39.29
      },
      {
        "fiscal_year": "2011/08",
        "sales": 9460.0,
        "operating_profit": 3470.0000000000005,
        "ordinary_profit": 3529.9999999999995,
        "net_profit": 2020.0,
        "eps": 1770.0,
        "roe": 18.9,
        "roa": 11.18,
        "operating_margin": 10.15,
        "cost_ratio": 36.65,
        "sga_ratio": 39.52
      },
      {
        "fiscal_year": "2012/08",
        "sales": 9690.0,
        "operating_profit": 3479.9999999999995,
        "ordinary_profit": 3520.0000000000005,
        "net_profit": 2180.0,
        "eps": 2220.0,
        "roe": 20.38,
        "roa": 11.38,
        "operating_margin": 10.26,
        "cost_ratio": 35.9,
        "sga_ratio": 37.0
      },
      {
        "fiscal_year": "2013/08",
        "sales": 9340.0,
        "operating_profit": 3020.0,
        "ordinary_profit": 3270.0000000000005,
        "net_profit": 2180.0,
        "eps": 3379.9999999999995,
        "roe": 21.66,
        "roa": 10.45,
        "operating_margin": 9.47,
        "cost_ratio": 32.3,
        "sga_ratio": 39.22
      },
      {
        "fiscal_year": "2014/08",
        "sales": 11400.0,
        "operating_profit": 3900.0,
        "ordinary_profit": 4040.0,
        "net_profit": 2610.0,
        "eps": 3220.0000000000005,
        "roe": 26.24,
        "roa": 11.15,
        "operating_margin": 9.92,
        "cost_ratio": 34.09,
        "sga_ratio": 36.87
      },
      {
        "fiscal_year": "2015/08",
        "sales": 13800.0,
        "operating_profit": 4180.0,
        "ordinary_profit": 4350.0,
        "net_profit": 2930.0,
        "eps": 4880.0,
        "roe": 29.53,
        "roa": 10.73,
        "operating_margin": 9.48,
        "cost_ratio": 30.21,
        "sga_ratio": 40.25
      },
      {
        "fiscal_year": "2016/08",
        "sales": 16600.0,
        "operating_profit": 4250.0,
        "ordinary_profit": 4060.0,
        "net_profit": 3010.0,
        "eps": 936.9999999999999,
        "roe": 30.36,
        "roa": 11.22,
        "operating_margin": 10.04,
        "cost_ratio": 25.65,
        "sga_ratio": 41.69
      },
      {
        "fiscal_year": "2017/08",
        "sales": 17200.0,
        "operating_profit": 4260.0,
        "ordinary_profit": 4620.0,
        "net_profit": 3320.0000000000005,
        "eps": 4750.0,
        "roe": 33.68,
        "roa": 10.88,
        "operating_margin": 9.68,
        "cost_ratio": 24.82,
        "sga_ratio": 41.7
      },
      {
        "fiscal_year": "2018/08",
        "sales": 20100.0,
        "operating_profit": 5080.0,
        "ordinary_profit": 5220.0,
        "net_profit": 3770.0000000000005,
        "eps": 4220.0,
        "roe": 38.3,
        "roa": 11.24,
        "operating_margin": 10.0,
        "cost_ratio": 25.27,
        "sga_ratio": 40.44
      },
      {
        "fiscal_year": "2019/08",
        "sales": 18300.0,
        "operating_profit": 5870.0,
        "ordinary_profit": 5690.0,
        "net_profit": 6100.0,
        "eps": 3550.0,
        "roe": 61.99,
        "roa": 17.27,
        "operating_margin": 15.32,
        "cost_ratio": 32.0,
        "sga_ratio": 36.56
      },
      {
        "fiscal_year": "2020/08",
        "sales": 15200.0,
        "operating_profit": 4340.0,
        "ordinary_profit": 4420.0,
        "net_profit": 3329.9999999999995,
        "eps": 3140.0,
        "roe": 33.82,
        "roa": 9.1,
        "operating_margin": 8.47,
        "cost_ratio": 28.55,
        "sga_ratio": 35.02
      },
      {
        "fiscal_year": "2021/08",
        "sales": 17200.0,
        "operating_profit": 5350.0,
        "ordinary_profit": 5680.0,
        "net_profit": 4290.0,
        "eps": 4800.0,
        "roe": 43.6,
        "roa": 10.95,
        "operating_margin": 10.05,
        "cost_ratio": 31.11,
        "sga_ratio": 35.98
      },
      {
        "fiscal_year": "2022/08",
        "sales": 20400.0,
        "operating_profit": 6160.0,
        "ordinary_profit": 7540.000000000001,
        "net_profit": 5290.0,
        "eps": 8570.0,
        "roe": 53.75,
        "roa": 11.65,
        "operating_margin": 10.56,
        "cost_ratio": 30.19,
        "sga_ratio": 38.41
      },
      {
        "fiscal_year": "2023/08",
        "sales": 24500.0,
        "operating_profit": 7240.000000000001,
        "ordinary_profit": 8000.0,
        "net_profit": 5950.0,
        "eps": 7409.999999999999,
        "roe": 60.45,
        "roa": 11.95,
        "operating_margin": 10.83,
        "cost_ratio": 29.58,
        "sga_ratio": 37.02
      },
      {
        "fiscal_year": "2024/08",
        "sales": 28500.0,
        "operating_profit": 8390.0,
        "ordinary_profit": 8460.0,
        "net_profit": 6290.0,
        "eps": 6110.0,
        "roe": 63.82,
        "roa": 12.01,
        "operating_margin": 10.99,
        "cost_ratio": 29.43,
        "sga_ratio": 37.23
      },
      {
        "fiscal_year": "2025/08",
        "sales": 30200.0,
        "operating_profit": 8900.0,
        "ordinary_profit": 8850.0,
        "net_profit": 6350.0,
        "roe": 64.45,
        "roa": 15.56,
        "operating_margin": 14.21,
        "cost_ratio": 29.47
      }
    ],
    "dividend_data": [
      {
        "fiscal_year": "2010/03",
        "total_dividend": 90.0,
        "dividend_yield": 10.0
      },
      {
        "fiscal_year": "2011/03",
        "total_dividend": 60.0,
        "dividend_yield": 6.67
      },
      {
        "fiscal_year": "2012/03",
        "total_dividend": 62.0,
        "dividend_yield": 6.89
      },
      {
        "fiscal_year": "2013/03",
        "total_dividend": 62.0,
        "dividend_yield": 6.89
      }
    ]
  },
  {
    "code": "7731",
    "name": "ニコン",
    "annual_data": [
      {
        "date": "2010/03/31",
        "per": -1,
        "pbr": 2.15,
        "is_per_red": true,
        "is_pbr_red": false
      },
      {
        "date": "2011/03/31",
        "per": 25.17,
        "pbr": 1.7,
        "is_per_red": false,
        "is_pbr_red": false
      },
      {
        "date": "2012/03/30",
        "per": 16.98,
        "pbr": 2.22,
        "is_per_red": false,
        "is_pbr_red": false
      },
      {
        "date": "2013/03/29",
        "per": 21.06,
        "pbr": 1.87,
        "is_per_red": false,
        "is_pbr_red": false
      },
      {
        "date": "2014/03/31",
        "per": 14.08,
        "pbr": 1.27,
        "is_per_red": false,
        "is_pbr_red": false
      },
      {
        "date": "2015/03/31",
        "per": 34.78,
        "pbr": 1.14,
        "is_per_red": false,
        "is_pbr_red": false
      },
      {
        "date": "2016/03/31",
        "per": 22.79,
        "pbr": 1.27,
        "is_per_red": false,
        "is_pbr_red": false
      },
      {
        "date": "2017/03/31",
        "per": 161.24,
        "pbr": 1.19,
        "is_per_red": false,
        "is_pbr_red": false
      },
      {
        "date": "2018/03/30",
        "per": 21.6,
        "pbr": 1.31,
        "is_per_red": false,
        "is_pbr_red": false
      },
      {
        "date": "2019/03/29",
        "per": 9.3,
        "pbr": 1.0,
        "is_per_red": false,
        "is_pbr_red": false
      },
      {
        "date": "2020/03/31",
        "per": 50.08,
        "pbr": 0.68,
        "is_per_red": false,
        "is_pbr_red": false
      },
      {
        "date": "2021/03/31",
        "per": -1,
        "pbr": 0.71,
        "is_per_red": true,
        "is_pbr_red": false
      },
      {
        "date": "2022/03/31",
        "per": 11.31,
        "pbr": 0.81,
        "is_per_red": false,
        "is_pbr_red": false
      },
      {
        "date": "2023/03/31",
        "per": 10.8,
        "pbr": 0.76,
        "is_per_red": false,
        "is_pbr_red": false
      },
      {
        "date": "2024/03/29",
        "per": 16.28,
        "pbr": 0.78,
        "is_per_red": false,
        "is_pbr_red": false
      }
    ],
    "daily_data": [],
    "financial_data": [
      {
        "fiscal_year": "2009/03",
        "sales": 880000.0,
        "operating_profit": 48200.0,
        "ordinary_profit": 28100.0,
        "roe": 7.06,
        "roa": 3.74,
        "operating_margin": 5.48,
        "cost_ratio": 63.84,
        "sga_ratio": 30.68
      },
      {
        "fiscal_year": "2010/03",
        "sales": 790000.0,
        "operating_profit": -13900.0,
        "ordinary_profit": -12600.0,
        "eps": -31.47,
        "roe": -1,
        "roa": -1,
        "operating_margin": -1.76,
        "cost_ratio": 70.33,
        "sga_ratio": 31.44
      },
      {
        "fiscal_year": "2011/03",
        "sales": 890000.0,
        "operating_profit": 54100.0,
        "ordinary_profit": 27300.0,
        "net_profit": 20300.0,
        "eps": 68.13,
        "roe": 6.74,
        "roa": 3.29,
        "operating_margin": 6.09,
        "cost_ratio": 64.85,
        "sga_ratio": 29.06
      },
      {
        "fiscal_year": "2012/03",
        "sales": 920000.0,
        "operating_profit": 80100.0,
        "ordinary_profit": 59300.0,
        "net_profit": 55700.0,
        "eps": 147.94,
        "roe": 13.09,
        "roa": 6.89,
        "operating_margin": 8.72,
        "cost_ratio": 61.72,
        "sga_ratio": 29.56
      },
      {
        "fiscal_year": "2013/03",
        "sales": 1010000.0,
        "operating_profit": 51000.0,
        "ordinary_profit": 42500.0,
        "net_profit": 73700.0,
        "eps": 105.92,
        "roe": 8.86,
        "roa": 4.91,
        "operating_margin": 5.05,
        "cost_ratio": 65.66,
        "sga_ratio": 29.29
      },
      {
        "fiscal_year": "2014/03",
        "sales": 980000.0,
        "operating_profit": 62900.0,
        "ordinary_profit": 46800.0,
        "net_profit": 65800.0,
        "eps": 118.05,
        "roe": 9.03,
        "roa": 4.93,
        "operating_margin": 6.42,
        "cost_ratio": 64.31,
        "sga_ratio": 29.27
      },
      {
        "fiscal_year": "2015/03",
        "sales": 860000.0,
        "operating_profit": 43400.0,
        "ordinary_profit": 18400.0,
        "net_profit": 49400.0,
        "eps": 46.29,
        "roe": 3.28,
        "roa": 1.82,
        "operating_margin": 5.06,
        "cost_ratio": 62.07,
        "sga_ratio": 32.87
      },
      {
        "fiscal_year": "2016/03",
        "sales": 840000.0,
        "ordinary_profit": 29900.0,
        "net_profit": -9940.0,
        "eps": 75.55,
        "roe": 5.58,
        "roa": 3.05,
        "operating_margin": 4.36,
        "cost_ratio": 60.08,
        "sga_ratio": 33.4
      },
      {
        "fiscal_year": "2017/03",
        "sales": 750000.0,
        "operating_profit": 774.0,
        "ordinary_profit": 3970.0000000000005,
        "net_profit": 9740.0,
        "eps": 10.01,
        "roe": 0.74,
        "roa": 0.39,
        "operating_margin": 0.1
      },
      {
        "fiscal_year": "2018/03",
        "sales": 720000.0,
        "operating_profit": 56200.0,
        "ordinary_profit": 34800.0,
        "net_profit": 42400.0,
        "eps": 87.76,
        "roe": 6.07,
        "roa": 3.17,
        "operating_margin": 7.84,
        "cost_ratio": 56.36,
        "sga_ratio": 34.68
      },
      {
        "fiscal_year": "2019/03",
        "sales": 710000.0,
        "operating_profit": 82700.0,
        "ordinary_profit": 66500.0,
        "net_profit": 63500.0,
        "eps": 167.86,
        "roe": 10.8,
        "roa": 5.86,
        "operating_margin": 11.66,
        "cost_ratio": 57.19,
        "sga_ratio": 33.66
      },
      {
        "fiscal_year": "2020/03",
        "sales": 590000.0,
        "operating_profit": 6750.0,
        "ordinary_profit": 7690.000000000001,
        "net_profit": -12000.0,
        "eps": 19.93,
        "roe": 1.42,
        "roa": 0.76,
        "operating_margin": 1.14,
        "cost_ratio": 62.43,
        "sga_ratio": 34.8
      },
      {
        "fiscal_year": "2021/03",
        "sales": 450000.0,
        "operating_profit": -56200.0,
        "ordinary_profit": -34500.0,
        "net_profit": 4170.0,
        "eps": -93.96,
        "roe": -1,
        "roa": -1,
        "operating_margin": -12.46
      },
      {
        "fiscal_year": "2022/03",
        "sales": 540000.0,
        "operating_profit": 49900.0,
        "ordinary_profit": 42700.0,
        "net_profit": 70600.0,
        "eps": 116.23,
        "roe": 7.14,
        "roa": 4.11,
        "operating_margin": 9.25,
        "cost_ratio": 56.25,
        "sga_ratio": 35.11
      },
      {
        "fiscal_year": "2023/03",
        "sales": 630000.0,
        "operating_profit": 54900.0,
        "ordinary_profit": 44900.0,
        "net_profit": 60100.0,
        "eps": 125.46,
        "roe": 7.31,
        "roa": 4.28,
        "operating_margin": 8.74,
        "cost_ratio": 53.96,
        "sga_ratio": 36.81
      },
      {
        "fiscal_year": "2024/03",
        "sales": 720000.0,
        "operating_profit": 39800.0,
        "ordinary_profit": 32600.0,
        "net_profit": 91700.0,
        "eps": 94.03,
        "roe": 4.76,
        "roa": 2.84,
        "operating_margin": 5.55,
        "cost_ratio": 56.77,
        "sga_ratio": 37.37
      },
      {
        "fiscal_year": "2025/03",
        "sales": 730000.0,
        "operating_profit": 22000.0,
        "ordinary_profit": 16000.0,
        "eps": 46.16,
        "roe": 2.41,
        "roa": 1.41,
        "operating_margin": 3.03
      }
    ],
    "dividend_data": [
      {
        "fiscal_year": "2010/03",
        "total_dividend": 8.0,
        "dividend_yield": 0.39
      },
      {
        "fiscal_year": "2011/03",
        "total_dividend": 19.0,
        "dividend_yield": 1.11
      },
      {
        "fiscal_year": "2012/03",
        "total_dividend": 38.0,
        "dividend_yield": 1.51
      },
      {
        "fiscal_year": "2013/03",
        "total_dividend": 31.0,
        "dividend_yield": 1.39
      }
    ]
  },
  {
    "code": "7732",
    "name": "トプコン",
    "annual_data": [
      {
        "date": "2010/03/31",
        "per": 361.54,
        "pbr": 1.18,
        "is_per_red": false,
        "is_pbr_red": false
      },
      {
        "date": "2011/03/31",
        "per": -1,
        "pbr": 1.11,
        "is_per_red": true,
        "is_pbr_red": false
      },
      {
        "date": "2012/03/30",
        "per": -1,
        "pbr": 1.56,
        "is_per_red": true,
        "is_pbr_red": false
      },
      {
        "date": "2013/03/29",
        "per": 181.18,
        "pbr": 1.91,
        "is_per_red": false,
        "is_pbr_red": false
      },
      {
        "date": "2014/03/31",
        "per": 30.65,
        "pbr": 3.41,
        "is_per_red": false,
        "is_pbr_red": false
      },
      {
        "date": "2015/03/31",
        "per": 36.73,
        "pbr": 5.02,
        "is_per_red": false,
        "is_pbr_red": false
      },
      {
        "date": "2016/03/31",
        "per": 38.08,
        "pbr": 2.7,
        "is_per_red": false,
        "is_pbr_red": false
      },
      {
        "date": "2017/03/31",
        "per": 48.05,
        "pbr": 3.54,
        "is_per_red": false,
        "is_pbr_red": false
      },
      {
        "date": "2018/03/30",
        "per": 36.53,
        "pbr": 3.38,
        "is_per_red": false,
        "is_pbr_red": false
      },
      {
        "date": "2019/03/29",
        "per": 21.15,
        "pbr": 2.01,
        "is_per_red": false,
        "is_pbr_red": false
      },
      {
        "date": "2020/03/31",
        "per": 90.52,
        "pbr": 1.34,
        "is_per_red": false,
        "is_pbr_red": false
      },
      {
        "date": "2021/03/31",
        "per": 59.41,
        "pbr": 2.04,
        "is_per_red": false,
        "is_pbr_red": false
      },
      {
        "date": "2022/03/31",
        "per": 15.39,
        "pbr": 1.97,
        "is_per_red": false,
        "is_pbr_red": false
      },
      {
        "date": "2023/03/31",
        "per": 15.89,
        "pbr": 1.97,
        "is_per_red": false,
        "is_pbr_red": false
      },
      {
        "date": "2024/03/29",
        "per": 38.02,
        "pbr": 1.73,
        "is_per_red": false,
        "is_pbr_red": false
      }
    ],
    "daily_data": [],
    "financial_data": [
      {
        "fiscal_year": "2008/03",
        "sales": 110800.0,
        "operating_profit": 11000.0,
        "ordinary_profit": 9210.0,
        "net_profit": 7740.000000000001,
        "roa": 13.79,
        "operating_margin": 5.55,
        "cost_ratio": 9.9,
        "sga_ratio": 55.9
      },
      {
        "fiscal_year": "2009/03",
        "sales": 112700.0,
        "operating_profit": -6940.000000000001,
        "ordinary_profit": -9330.0,
        "net_profit": -9990.0,
        "roa": -1,
        "operating_margin": -1,
        "cost_ratio": -6.16,
        "sga_ratio": 65.38
      },
      {
        "fiscal_year": "2010/03",
        "sales": 94900.0,
        "operating_profit": 1410.0,
        "ordinary_profit": 545.0,
        "net_profit": 133.0,
        "roe": 1.43,
        "roa": 0.33,
        "operating_margin": 0.11,
        "cost_ratio": 1.48,
        "sga_ratio": 57.6
      },
      {
        "fiscal_year": "2011/03",
        "sales": 102500.0,
        "operating_profit": 1800.0,
        "ordinary_profit": 608.0,
        "net_profit": -1290.0,
        "eps": -2820.0,
        "roe": -13.9,
        "roa": -1,
        "operating_margin": -1,
        "cost_ratio": 1.76,
        "sga_ratio": 59.93
      },
      {
        "fiscal_year": "2012/03",
        "sales": 98800.0,
        "operating_profit": 2080.0,
        "ordinary_profit": 467.0,
        "net_profit": -3690.0,
        "eps": -3829.9999999999995,
        "roe": -39.77,
        "roa": -1,
        "operating_margin": -1,
        "cost_ratio": 2.1,
        "sga_ratio": 61.43
      },
      {
        "fiscal_year": "2013/03",
        "sales": 97300.0,
        "operating_profit": 5210.0,
        "ordinary_profit": 3470.0000000000005,
        "net_profit": 511.00000000000006,
        "eps": 3579.9999999999995,
        "roe": 4.73,
        "roa": 1.05,
        "operating_margin": 0.39,
        "cost_ratio": 5.36,
        "sga_ratio": 56.0
      },
      {
        "fiscal_year": "2014/03",
        "sales": 116700.0,
        "operating_profit": 11700.0,
        "ordinary_profit": 11300.0,
        "net_profit": 5960.0,
        "eps": 7940.000000000001,
        "roe": 55.21,
        "roa": 11.13,
        "operating_margin": 4.39,
        "cost_ratio": 10.05,
        "sga_ratio": 52.31
      },
      {
        "fiscal_year": "2015/03",
        "sales": 128600.0,
        "operating_profit": 16000.0,
        "ordinary_profit": 14900.0,
        "net_profit": 8670.0,
        "eps": 11600.0,
        "roe": 80.27,
        "roa": 13.66,
        "operating_margin": 6.06,
        "cost_ratio": 12.48,
        "sga_ratio": 48.46
      },
      {
        "fiscal_year": "2016/03",
        "sales": 130700.0,
        "operating_profit": 8800.0,
        "ordinary_profit": 7370.0,
        "net_profit": 4200.0,
        "eps": -902.9999999999999,
        "roe": 38.97,
        "roa": 7.2,
        "operating_margin": 2.52,
        "cost_ratio": 6.73,
        "sga_ratio": 49.79
      },
      {
        "fiscal_year": "2017/03",
        "sales": 128400.0,
        "operating_profit": 9550.0,
        "ordinary_profit": 7620.0,
        "net_profit": 4400.0,
        "eps": 3460.0,
        "roe": 41.46,
        "roa": 7.36,
        "operating_margin": 2.78,
        "cost_ratio": 7.44,
        "sga_ratio": 48.95
      },
      {
        "fiscal_year": "2018/03",
        "sales": 145600.0,
        "operating_profit": 12100.0,
        "ordinary_profit": 10700.0,
        "net_profit": 6030.0,
        "eps": 7240.000000000001,
        "roe": 56.86,
        "roa": 9.25,
        "operating_margin": 3.75,
        "cost_ratio": 8.29,
        "sga_ratio": 48.49
      },
      {
        "fiscal_year": "2019/03",
        "sales": 148700.0,
        "operating_profit": 13600.0,
        "ordinary_profit": 11500.0,
        "net_profit": 6550.0,
        "eps": 5200.0,
        "roe": 61.76,
        "roa": 9.48,
        "operating_margin": 4.09,
        "cost_ratio": 9.14,
        "sga_ratio": 47.19
      },
      {
        "fiscal_year": "2020/03",
        "sales": 138900.0,
        "operating_profit": 5380.0,
        "ordinary_profit": 2900.0,
        "net_profit": 935.0,
        "eps": -2010.0000000000002,
        "roe": 8.86,
        "roa": 1.48,
        "operating_margin": 0.58,
        "cost_ratio": 3.87,
        "sga_ratio": 47.71
      },
      {
        "fiscal_year": "2021/03",
        "sales": 137200.0,
        "operating_profit": 6590.000000000001,
        "ordinary_profit": 5590.0,
        "net_profit": 2380.0,
        "eps": 7459.999999999999,
        "roe": 22.59,
        "roa": 3.43,
        "operating_margin": 1.41,
        "cost_ratio": 4.8,
        "sga_ratio": 50.53
      },
      {
        "fiscal_year": "2022/03",
        "sales": 176400.0,
        "operating_profit": 15900.0,
        "ordinary_profit": 14800.0,
        "net_profit": 10700.0,
        "eps": 16600.0,
        "roe": 101.7,
        "roa": 12.81,
        "operating_margin": 5.78,
        "cost_ratio": 9.02,
        "sga_ratio": 48.93
      },
      {
        "fiscal_year": "2023/03",
        "sales": 215600.0,
        "operating_profit": 19500.0,
        "ordinary_profit": 17800.0,
        "net_profit": 11800.0,
        "eps": 16700.0,
        "roe": 112.15,
        "roa": 12.39,
        "operating_margin": 5.68,
        "cost_ratio": 9.06,
        "sga_ratio": 47.87
      },
      {
        "fiscal_year": "2024/03",
        "sales": 216500.0,
        "operating_profit": 11200.0,
        "ordinary_profit": 8860.0,
        "net_profit": 4940.0,
        "eps": 17800.0,
        "roe": 46.9,
        "roa": 4.56,
        "operating_margin": 2.0,
        "cost_ratio": 5.18,
        "sga_ratio": 46.99
      },
      {
        "fiscal_year": "2025/03",
        "sales": 220000.0,
        "operating_profit": 12000.0,
        "ordinary_profit": 8000.0,
        "net_profit": 4500.0,
        "roe": 42.69,
        "roa": 4.4,
        "operating_margin": 1.89,
        "cost_ratio": 5.45
      }
    ],
    "dividend_data": [
      {
        "fiscal_year": "2010/03",
        "total_dividend": 4.0,
        "dividend_yield": 0.77
      },
      {
        "fiscal_year": "2011/03",
        "total_dividend": 4.0,
        "dividend_yield": 0.91
      },
      {
        "fiscal_year": "2012/03",
        "total_dividend": 4.0,
        "dividend_yield": 0.73
      },
      {
        "fiscal_year": "2013/03",
        "total_dividend": 6.0,
        "dividend_yield": 0.7
      }
    ]
  },
  {
    "code": "7733",
    "name": "オリンパス",
    "annual_data": [
      {
        "date": "2010/03/31",
        "per": 15.49,
        "pbr": 3.8,
        "is_per_red": false,
        "is_pbr_red": false
      },
      {
        "date": "2011/03/31",
        "per": 162.64,
        "pbr": 3.06,
        "is_per_red": false,
        "is_pbr_red": false
      },
      {
        "date": "2012/03/30",
        "per": -1,
        "pbr": 2.42,
        "is_per_red": true,
        "is_pbr_red": false
      },
      {
        "date": "2013/03/29",
        "per": 84.3,
        "pbr": 3.22,
        "is_per_red": false,
        "is_pbr_red": false
      },
      {
        "date": "2014/03/31",
        "per": 80.21,
        "pbr": 3.34,
        "is_per_red": false,
        "is_pbr_red": false
      },
      {
        "date": "2015/03/31",
        "per": -1,
        "pbr": 4.66,
        "is_per_red": true,
        "is_pbr_red": false
      },
      {
        "date": "2016/03/31",
        "per": 23.93,
        "pbr": 3.87,
        "is_per_red": false,
        "is_pbr_red": false
      },
      {
        "date": "2017/03/31",
        "per": 34.24,
        "pbr": 3.71,
        "is_per_red": false,
        "is_pbr_red": false
      },
      {
        "date": "2018/03/30",
        "per": 24.21,
        "pbr": 3.11,
        "is_per_red": false,
        "is_pbr_red": false
      },
      {
        "date": "2019/03/29",
        "per": 201.34,
        "pbr": 3.72,
        "is_per_red": false,
        "is_pbr_red": false
      },
      {
        "date": "2020/03/31",
        "per": 39.67,
        "pbr": 5.42,
        "is_per_red": false,
        "is_pbr_red": false
      },
      {
        "date": "2021/03/31",
        "per": 227.96,
        "pbr": 7.47,
        "is_per_red": false,
        "is_pbr_red": false
      },
      {
        "date": "2022/03/31",
        "per": 25.93,
        "pbr": 5.84,
        "is_per_red": false,
        "is_pbr_red": false
      },
      {
        "date": "2023/03/31",
        "per": 20.48,
        "pbr": 4.54,
        "is_per_red": false,
        "is_pbr_red": false
      },
      {
        "date": "2024/03/29",
        "per": 11.07,
        "pbr": 3.41,
        "is_per_red": false,
        "is_pbr_red": false
      }
    ],
    "daily_data": [],
    "financial_data": [
      {
        "fiscal_year": "2008/03",
        "sales": 1130000.0,
        "operating_profit": 112800.0,
        "ordinary_profit": 54600.0,
        "roe": 23.34,
        "roa": 4.49,
        "operating_margin": 9.99,
        "cost_ratio": 54.87,
        "sga_ratio": 35.14
      },
      {
        "fiscal_year": "2009/03",
        "sales": 980000.0,
        "operating_profit": 42700.0,
        "ordinary_profit": -50600.0,
        "roe": -1,
        "roa": -1,
        "operating_margin": 4.36,
        "cost_ratio": 52.97,
        "sga_ratio": 42.68
      },
      {
        "fiscal_year": "2010/03",
        "sales": 880000.0,
        "operating_profit": 61200.0,
        "ordinary_profit": 52500.0,
        "eps": 48.41,
        "roe": 24.54,
        "roa": 4.76,
        "operating_margin": 6.93,
        "cost_ratio": 53.77,
        "sga_ratio": 39.31
      },
      {
        "fiscal_year": "2011/03",
        "sales": 850000.0,
        "operating_profit": 38400.0,
        "ordinary_profit": 3870.0000000000005,
        "net_profit": -26100.0,
        "eps": 3.56,
        "roe": 1.88,
        "roa": 0.38,
        "operating_margin": 4.53,
        "cost_ratio": 54.23,
        "sga_ratio": 41.24
      },
      {
        "fiscal_year": "2012/03",
        "sales": 850000.0,
        "operating_profit": 35500.0,
        "ordinary_profit": -49000.0,
        "net_profit": -63000.0,
        "eps": -45.14,
        "roe": -1,
        "roa": -1,
        "operating_margin": 4.19,
        "cost_ratio": 54.77,
        "sga_ratio": 41.05
      },
      {
        "fiscal_year": "2013/03",
        "sales": 740000.0,
        "operating_profit": 35100.0,
        "ordinary_profit": 8020.0,
        "net_profit": 53500.0,
        "eps": 6.56,
        "roe": 3.82,
        "roa": 0.84,
        "operating_margin": 4.72,
        "cost_ratio": 49.16,
        "sga_ratio": 46.13
      },
      {
        "fiscal_year": "2014/03",
        "sales": 710000.0,
        "operating_profit": 73400.0,
        "ordinary_profit": 13600.0,
        "net_profit": 65000.0,
        "eps": 10.26,
        "roe": 4.05,
        "roa": 1.33,
        "operating_margin": 10.3,
        "cost_ratio": 38.25,
        "sga_ratio": 51.45
      },
      {
        "fiscal_year": "2015/03",
        "sales": 760000.0,
        "operating_profit": 91000.0,
        "ordinary_profit": -8740.0,
        "net_profit": 25800.0,
        "eps": -6.38,
        "roe": -1,
        "roa": -1,
        "operating_margin": 11.9,
        "cost_ratio": 35.94,
        "sga_ratio": 52.16
      },
      {
        "fiscal_year": "2016/03",
        "sales": 800000.0,
        "operating_profit": 104500.0,
        "ordinary_profit": 62600.0,
        "net_profit": 30300.0,
        "eps": 45.72,
        "roe": 16.16,
        "roa": 6.26,
        "operating_margin": 12.98,
        "cost_ratio": 33.48,
        "sga_ratio": 53.54
      },
      {
        "fiscal_year": "2017/03",
        "sales": 740000.0,
        "ordinary_profit": 42800.0,
        "net_profit": 35000.0,
        "eps": 31.25,
        "roe": 10.84,
        "roa": 4.46,
        "operating_margin": 10.33,
        "cost_ratio": 34.66,
        "sga_ratio": 56.02
      },
      {
        "fiscal_year": "2018/03",
        "sales": 790000.0,
        "operating_profit": 81000.0,
        "ordinary_profit": 57100.0,
        "net_profit": 61200.0,
        "eps": 41.71,
        "roe": 12.89,
        "roa": 5.83,
        "operating_margin": 10.3,
        "cost_ratio": 35.09,
        "sga_ratio": 54.24
      },
      {
        "fiscal_year": "2019/03",
        "sales": 790000.0,
        "operating_profit": 28300.0,
        "ordinary_profit": 8150.0,
        "net_profit": 8090.000000000001,
        "eps": 5.97,
        "roe": 1.85,
        "roa": 0.87,
        "operating_margin": 3.56
      },
      {
        "fiscal_year": "2020/03",
        "sales": 760000.0,
        "operating_profit": 92200.0,
        "ordinary_profit": 51700.0,
        "net_profit": 33300.0,
        "eps": 39.37,
        "roe": 13.94,
        "roa": 5.09,
        "operating_margin": 12.21,
        "cost_ratio": 36.08,
        "sga_ratio": 50.47
      },
      {
        "fiscal_year": "2021/03",
        "sales": 730000.0,
        "operating_profit": 82000.0,
        "ordinary_profit": 12900.0,
        "net_profit": 36700.0,
        "eps": 10.05,
        "roe": 3.28,
        "roa": 1.09,
        "operating_margin": 11.22,
        "cost_ratio": 37.1,
        "sga_ratio": 48.87
      },
      {
        "fiscal_year": "2022/03",
        "sales": 750000.0,
        "operating_profit": 146200.0,
        "ordinary_profit": 115700.0,
        "net_profit": 160800.0,
        "eps": 90.22,
        "roe": 22.69,
        "roa": 8.52,
        "operating_margin": 19.49,
        "cost_ratio": 32.45,
        "sga_ratio": 47.66
      },
      {
        "fiscal_year": "2023/03",
        "sales": 880000.0,
        "operating_profit": 186600.0,
        "ordinary_profit": 143400.0,
        "net_profit": 196700.0,
        "eps": 113.22,
        "roe": 22.41,
        "roa": 9.51,
        "operating_margin": 21.16,
        "cost_ratio": 32.32,
        "sga_ratio": 47.69
      },
      {
        "fiscal_year": "2024/03",
        "sales": 930000.0,
        "operating_profit": 43600.0,
        "ordinary_profit": 242600.0,
        "net_profit": 316100.0,
        "eps": 199.91,
        "roe": 32.04,
        "roa": 15.81,
        "operating_margin": 4.71
      },
      {
        "fiscal_year": "2025/03",
        "sales": 1010000.0,
        "operating_profit": 176000.0,
        "ordinary_profit": 121000.0,
        "eps": 105.77,
        "roe": 17.21,
        "roa": 8.85,
        "operating_margin": 17.44
      }
    ],
    "dividend_data": [
      {
        "fiscal_year": "2010/03",
        "total_dividend": 30.0,
        "dividend_yield": 7.5
      },
      {
        "fiscal_year": "2011/03",
        "total_dividend": 30.0,
        "dividend_yield": 7.5
      },
      {
        "fiscal_year": "2013/03",
        "total_dividend": 0.0,
        "dividend_yield": 0.0
      },
      {
        "fiscal_year": "2015/03",
        "total_dividend": 10.0,
        "dividend_yield": 2.5
      }
    ]
  },
  {
    "code": "7734",
    "name": "理研計器",
    "annual_data": [
      {
        "date": "2010/03/31",
        "per": 10.93,
        "pbr": 0.67,
        "is_per_red": false,
        "is_pbr_red": false
      },
      {
        "date": "2011/03/31",
        "per": 8.71,
        "pbr": 0.68,
        "is_per_red": false,
        "is_pbr_red": false
      },
      {
        "date": "2012/03/30",
        "per": 8.69,
        "pbr": 0.57,
        "is_per_red": false,
        "is_pbr_red": false
      },
      {
        "date": "2013/03/29",
        "per": 7.69,
        "pbr": 0.57,
        "is_per_red": false,
        "is_pbr_red": false
      },
      {
        "date": "2014/03/31",
        "per": 9.36,
        "pbr": 0.73,
        "is_per_red": false,
        "is_pbr_red": false
      },
      {
        "date": "2015/03/31",
        "per": 12.06,
        "pbr": 0.99,
        "is_per_red": false,
        "is_pbr_red": false
      },
      {
        "date": "2016/03/31",
        "per": 9.23,
        "pbr": 0.69,
        "is_per_red": false,
        "is_pbr_red": false
      },
      {
        "date": "2017/03/31",
        "per": 9.52,
        "pbr": 1.03,
        "is_per_red": false,
        "is_pbr_red": false
      },
      {
        "date": "2018/03/30",
        "per": 16.97,
        "pbr": 1.3,
        "is_per_red": false,
        "is_pbr_red": false
      },
      {
        "date": "2019/03/29",
        "per": 12.11,
        "pbr": 1.12,
        "is_per_red": false,
        "is_pbr_red": false
      },
      {
        "date": "2020/03/31",
        "per": 10.93,
        "pbr": 1.0,
        "is_per_red": false,
        "is_pbr_red": false
      },
      {
        "date": "2021/03/31",
        "per": 13.66,
        "pbr": 1.26,
        "is_per_red": false,
        "is_pbr_red": false
      },
      {
        "date": "2022/03/31",
        "per": 19.12,
        "pbr": 2.03,
        "is_per_red": false,
        "is_pbr_red": false
      },
      {
        "date": "2023/03/31",
        "per": 15.25,
        "pbr": 2.09,
        "is_per_red": false,
        "is_pbr_red": false
      },
      {
        "date": "2024/03/29",
        "per": 21.26,
        "pbr": 2.46,
        "is_per_red": false,
        "is_pbr_red": false
      }
    ],
    "daily_data": [],
    "financial_data": [
      {
        "fiscal_year": "2008/03",
        "sales": 22600.0,
        "operating_profit": 2960.0,
        "ordinary_profit": 2940.0,
        "net_profit": 1639.9999999999998,
        "roa": 7.82,
        "operating_margin": 5.55,
        "cost_ratio": 13.08,
        "sga_ratio": 62.34
      },
      {
        "fiscal_year": "2009/03",
        "sales": 21400.0,
        "operating_profit": 2490.0,
        "ordinary_profit": 2790.0,
        "net_profit": 1490.0,
        "roa": 6.97,
        "operating_margin": 5.13,
        "cost_ratio": 11.62,
        "sga_ratio": 60.92
      },
      {
        "fiscal_year": "2010/03",
        "sales": 17300.0,
        "operating_profit": 1720.0,
        "ordinary_profit": 1989.9999999999998,
        "net_profit": 1380.0,
        "roe": 29.09,
        "roa": 6.09,
        "operating_margin": 4.6,
        "cost_ratio": 9.95,
        "sga_ratio": 59.72
      },
      {
        "fiscal_year": "2011/03",
        "sales": 20000.0,
        "operating_profit": 3080.0,
        "ordinary_profit": 3120.0,
        "net_profit": 1889.9999999999998,
        "eps": 1850.0,
        "roe": 39.85,
        "roa": 7.84,
        "operating_margin": 5.77,
        "cost_ratio": 15.35,
        "sga_ratio": 57.21
      },
      {
        "fiscal_year": "2012/03",
        "sales": 20600.0,
        "operating_profit": 2610.0,
        "ordinary_profit": 2770.0,
        "net_profit": 1660.0000000000002,
        "eps": 1730.0,
        "roe": 35.0,
        "roa": 6.53,
        "operating_margin": 4.99,
        "cost_ratio": 12.68,
        "sga_ratio": 59.97
      },
      {
        "fiscal_year": "2013/03",
        "sales": 19800.0,
        "operating_profit": 2800.0,
        "ordinary_profit": 3100.0,
        "net_profit": 2030.0,
        "eps": 2300.0,
        "roe": 42.81,
        "roa": 7.42,
        "operating_margin": 5.81,
        "cost_ratio": 14.12,
        "sga_ratio": 57.42
      },
      {
        "fiscal_year": "2014/03",
        "sales": 20200.0,
        "operating_profit": 3250.0,
        "ordinary_profit": 3629.9999999999995,
        "net_profit": 2310.0,
        "eps": 2660.0,
        "roe": 49.87,
        "roa": 7.83,
        "operating_margin": 6.21,
        "cost_ratio": 16.1,
        "sga_ratio": 53.3
      },
      {
        "fiscal_year": "2015/03",
        "sales": 21300.0,
        "operating_profit": 3370.0000000000005,
        "ordinary_profit": 3820.0000000000005,
        "net_profit": 2690.0,
        "eps": 3460.0,
        "roe": 58.03,
        "roa": 8.22,
        "operating_margin": 6.62,
        "cost_ratio": 15.79,
        "sga_ratio": 52.58
      },
      {
        "fiscal_year": "2016/03",
        "sales": 23400.0,
        "operating_profit": 3620.0000000000005,
        "ordinary_profit": 3860.0,
        "net_profit": 2570.0,
        "eps": 2070.0,
        "roe": 55.48,
        "roa": 7.5,
        "operating_margin": 6.03,
        "cost_ratio": 15.44,
        "sga_ratio": 56.6
      },
      {
        "fiscal_year": "2017/03",
        "sales": 23400.0,
        "operating_profit": 4000.0,
        "ordinary_profit": 4180.0,
        "net_profit": 4130.0,
        "eps": 4360.0,
        "roe": 88.93,
        "roa": 10.81,
        "operating_margin": 8.6,
        "cost_ratio": 17.13,
        "sga_ratio": 55.21
      },
      {
        "fiscal_year": "2018/03",
        "sales": 28100.0,
        "operating_profit": 4420.0,
        "ordinary_profit": 4580.0,
        "net_profit": 3170.0,
        "eps": 3929.9999999999995,
        "roe": 68.31,
        "roa": 7.66,
        "operating_margin": 6.0,
        "cost_ratio": 15.72,
        "sga_ratio": 54.53
      },
      {
        "fiscal_year": "2019/03",
        "sales": 30700.0,
        "operating_profit": 5100.0,
        "ordinary_profit": 5490.0,
        "net_profit": 4100.0,
        "eps": 3570.0000000000005,
        "roe": 88.14,
        "roa": 9.29,
        "operating_margin": 7.21,
        "cost_ratio": 16.65,
        "sga_ratio": 54.18
      },
      {
        "fiscal_year": "2020/03",
        "sales": 32200.0,
        "operating_profit": 6200.0,
        "ordinary_profit": 6459.999999999999,
        "net_profit": 4340.0,
        "eps": 4390.0,
        "roe": 93.38,
        "roa": 9.15,
        "operating_margin": 7.21,
        "cost_ratio": 19.25,
        "sga_ratio": 52.66
      },
      {
        "fiscal_year": "2021/03",
        "sales": 32200.0,
        "operating_profit": 6600.0,
        "ordinary_profit": 6920.0,
        "net_profit": 4690.0,
        "eps": 5100.0,
        "roe": 100.85,
        "roa": 9.19,
        "operating_margin": 7.29,
        "cost_ratio": 20.49,
        "sga_ratio": 52.24
      },
      {
        "fiscal_year": "2022/03",
        "sales": 37400.0,
        "operating_profit": 8400.0,
        "ordinary_profit": 8820.0,
        "net_profit": 5960.0,
        "eps": 6730.0,
        "roe": 128.13,
        "roa": 10.62,
        "operating_margin": 8.33,
        "cost_ratio": 22.49,
        "sga_ratio": 50.67
      },
      {
        "fiscal_year": "2023/03",
        "sales": 45000.0,
        "operating_profit": 11600.0,
        "ordinary_profit": 11900.0,
        "net_profit": 8670.0,
        "eps": 9780.0,
        "roe": 186.21,
        "roa": 13.68,
        "operating_margin": 10.87,
        "cost_ratio": 25.67,
        "sga_ratio": 48.53
      },
      {
        "fiscal_year": "2024/03",
        "sales": 45600.0,
        "operating_profit": 11500.0,
        "ordinary_profit": 12300.0,
        "net_profit": 8380.0,
        "eps": 10900.0,
        "roe": 179.91,
        "roa": 11.56,
        "operating_margin": 9.46,
        "cost_ratio": 25.18,
        "sga_ratio": 48.61
      },
      {
        "fiscal_year": "2025/03",
        "sales": 48000.0,
        "operating_profit": 11800.0,
        "ordinary_profit": 12300.0,
        "net_profit": 9000.0,
        "roe": 193.22,
        "roa": 11.78,
        "operating_margin": 9.86,
        "cost_ratio": 24.58
      }
    ],
    "dividend_data": [
      {
        "fiscal_year": "2010/03",
        "total_dividend": 17.0,
        "dividend_yield": 8.5
      },
      {
        "fiscal_year": "2011/03",
        "total_dividend": 17.0,
        "dividend_yield": 8.5
      },
      {
        "fiscal_year": "2012/03",
        "total_dividend": 17.0,
        "dividend_yield": 8.5
      },
      {
        "fiscal_year": "2013/03",
        "total_dividend": 17.0,
        "dividend_yield": 8.5
      }
    ]
  },
  {
    "code": "7740",
    "name": "タムロン",
    "annual_data": [
      {
        "date": "2009/12/30",
        "per": 41.6,
        "pbr": 0.81,
        "is_per_red": false,
        "is_pbr_red": false
      },
      {
        "date": "2010/12/30",
        "per": 12.95,
        "pbr": 1.41,
        "is_per_red": false,
        "is_pbr_red": false
      },
      {
        "date": "2011/12/30",
        "per": 13.43,
        "pbr": 1.41,
        "is_per_red": false,
        "is_pbr_red": false
      },
      {
        "date": "2012/12/28",
        "per": 17.2,
        "pbr": 1.64,
        "is_per_red": false,
        "is_pbr_red": false
      },
      {
        "date": "2013/12/30",
        "per": 21.91,
        "pbr": 1.49,
        "is_per_red": false,
        "is_pbr_red": false
      },
      {
        "date": "2014/12/30",
        "per": 17.06,
        "pbr": 1.26,
        "is_per_red": false,
        "is_pbr_red": false
      },
      {
        "date": "2015/12/30",
        "per": 14.6,
        "pbr": 1.19,
        "is_per_red": false,
        "is_pbr_red": false
      },
      {
        "date": "2016/12/30",
        "per": 33.96,
        "pbr": 1.06,
        "is_per_red": false,
        "is_pbr_red": false
      },
      {
        "date": "2017/12/29",
        "per": 22.12,
        "pbr": 1.26,
        "is_per_red": false,
        "is_pbr_red": false
      },
      {
        "date": "2018/12/28",
        "per": 9.36,
        "pbr": 0.79,
        "is_per_red": false,
        "is_pbr_red": false
      },
      {
        "date": "2019/12/30",
        "per": 12.17,
        "pbr": 1.19,
        "is_per_red": false,
        "is_pbr_red": false
      },
      {
        "date": "2020/12/30",
        "per": 20.56,
        "pbr": 0.83,
        "is_per_red": false,
        "is_pbr_red": false
      },
      {
        "date": "2021/12/30",
        "per": 11.51,
        "pbr": 1.13,
        "is_per_red": false,
        "is_pbr_red": false
      },
      {
        "date": "2022/12/30",
        "per": 7.44,
        "pbr": 1.03,
        "is_per_red": false,
        "is_pbr_red": false
      },
      {
        "date": "2023/12/29",
        "per": 10.29,
        "pbr": 1.57,
        "is_per_red": false,
        "is_pbr_red": false
      }
    ],
    "daily_data": [],
    "financial_data": [
      {
        "fiscal_year": "2008/12",
        "sales": 62500.0,
        "operating_profit": 6200.0,
        "ordinary_profit": 5840.0,
        "net_profit": 3030.0,
        "roa": 9.14,
        "operating_margin": 6.16,
        "cost_ratio": 9.91,
        "sga_ratio": 69.84
      },
      {
        "fiscal_year": "2009/12",
        "sales": 49900.0,
        "operating_profit": 2300.0,
        "ordinary_profit": 2260.0,
        "net_profit": 642.0,
        "roe": 11.37,
        "roa": 1.95,
        "operating_margin": 1.35,
        "cost_ratio": 4.6,
        "sga_ratio": 71.43
      },
      {
        "fiscal_year": "2010/12",
        "sales": 56700.0,
        "operating_profit": 5460.0,
        "ordinary_profit": 5480.0,
        "net_profit": 3690.0,
        "roe": 65.33,
        "roa": 10.85,
        "operating_margin": 7.36,
        "cost_ratio": 9.63,
        "sga_ratio": 66.53
      },
      {
        "fiscal_year": "2011/12",
        "sales": 58500.0,
        "operating_profit": 5690.0,
        "ordinary_profit": 5700.0,
        "net_profit": 3800.0,
        "eps": 3510.0,
        "roe": 69.16,
        "roa": 10.53,
        "operating_margin": 7.33,
        "cost_ratio": 9.72,
        "sga_ratio": 66.46
      },
      {
        "fiscal_year": "2012/12",
        "sales": 64400.0,
        "operating_profit": 5500.0,
        "ordinary_profit": 5380.0,
        "net_profit": 3890.0,
        "eps": 6040.0,
        "roe": 70.8,
        "roa": 9.54,
        "operating_margin": 6.71,
        "cost_ratio": 8.55,
        "sga_ratio": 68.07
      },
      {
        "fiscal_year": "2013/12",
        "sales": 68500.0,
        "operating_profit": 5230.0,
        "ordinary_profit": 5200.0,
        "net_profit": 3200.0,
        "eps": 7650.0,
        "roe": 58.23,
        "roa": 6.79,
        "operating_margin": 4.94,
        "cost_ratio": 7.64,
        "sga_ratio": 69.41
      },
      {
        "fiscal_year": "2014/12",
        "sales": 73600.0,
        "operating_profit": 6080.0,
        "ordinary_profit": 6200.0,
        "net_profit": 3850.0,
        "eps": 6430.0,
        "roe": 70.05,
        "roa": 7.4,
        "operating_margin": 5.5,
        "cost_ratio": 8.25,
        "sga_ratio": 67.99
      },
      {
        "fiscal_year": "2015/12",
        "sales": 71900.0,
        "operating_profit": 4550.0,
        "ordinary_profit": 5140.0,
        "net_profit": 4050.0,
        "eps": 2450.0,
        "roe": 76.98,
        "roa": 8.26,
        "operating_margin": 6.13,
        "cost_ratio": 6.33,
        "sga_ratio": 68.53
      },
      {
        "fiscal_year": "2016/12",
        "sales": 59900.0,
        "operating_profit": 2360.0,
        "ordinary_profit": 2860.0,
        "net_profit": 1480.0,
        "eps": -125.0,
        "roe": 28.59,
        "roa": 3.13,
        "operating_margin": 2.43,
        "cost_ratio": 3.94,
        "sga_ratio": 68.45
      },
      {
        "fiscal_year": "2017/12",
        "sales": 60500.0,
        "operating_profit": 4250.0,
        "ordinary_profit": 4100.0,
        "net_profit": 2840.0,
        "eps": 4040.0,
        "roe": 54.74,
        "roa": 5.68,
        "operating_margin": 4.44,
        "cost_ratio": 7.02,
        "sga_ratio": 65.95
      },
      {
        "fiscal_year": "2018/12",
        "sales": 61800.0,
        "operating_profit": 5420.0,
        "ordinary_profit": 5880.0,
        "net_profit": 4330.0,
        "eps": 2640.0,
        "roe": 83.9,
        "roa": 8.52,
        "operating_margin": 6.69,
        "cost_ratio": 8.77,
        "sga_ratio": 64.56
      },
      {
        "fiscal_year": "2019/12",
        "sales": 63300.0,
        "operating_profit": 6980.0,
        "ordinary_profit": 7400.0,
        "net_profit": 5330.0,
        "eps": 5240.0,
        "roe": 103.56,
        "roa": 9.77,
        "operating_margin": 7.69,
        "cost_ratio": 11.03,
        "sga_ratio": 61.71
      },
      {
        "fiscal_year": "2020/12",
        "sales": 48400.0,
        "operating_profit": 3579.9999999999995,
        "ordinary_profit": 3750.0,
        "net_profit": 1960.0000000000002,
        "eps": 1730.0,
        "roe": 44.4,
        "roa": 4.28,
        "operating_margin": 3.36,
        "cost_ratio": 7.39,
        "sga_ratio": 62.02
      },
      {
        "fiscal_year": "2021/12",
        "sales": 57500.0,
        "operating_profit": 7409.999999999999,
        "ordinary_profit": 7530.0,
        "net_profit": 5170.0,
        "eps": 7809.999999999999,
        "roe": 124.06,
        "roa": 9.85,
        "operating_margin": 7.71,
        "cost_ratio": 12.87,
        "sga_ratio": 59.67
      },
      {
        "fiscal_year": "2022/12",
        "sales": 63400.0,
        "operating_profit": 11000.0,
        "ordinary_profit": 11500.0,
        "net_profit": 8350.0,
        "eps": 9870.0,
        "roe": 199.99,
        "roa": 13.78,
        "operating_margin": 11.05,
        "cost_ratio": 17.4,
        "sga_ratio": 56.46
      },
      {
        "fiscal_year": "2023/12",
        "sales": 71400.0,
        "operating_profit": 13600.0,
        "ordinary_profit": 14000.0,
        "net_profit": 10800.0,
        "eps": 12700.0,
        "roe": 258.56,
        "roa": 15.29,
        "operating_margin": 12.42,
        "cost_ratio": 19.05,
        "sga_ratio": 55.68
      },
      {
        "fiscal_year": "2024/12",
        "sales": 89000.0,
        "operating_profit": 19600.0,
        "ordinary_profit": 19500.0,
        "net_profit": 14400.0,
        "roe": 313.7,
        "roa": 18.61,
        "operating_margin": 14.97,
        "cost_ratio": 22.02
      }
    ],
    "dividend_data": [
      {
        "fiscal_year": "2009/03",
        "total_dividend": 40.0,
        "dividend_yield": 20.0
      },
      {
        "fiscal_year": "2010/03",
        "total_dividend": 50.0,
        "dividend_yield": 25.0
      },
      {
        "fiscal_year": "2011/03",
        "total_dividend": 50.0,
        "dividend_yield": 25.0
      },
      {
        "fiscal_year": "2012/03",
        "total_dividend": 50.0,
        "dividend_yield": 25.0
      }
    ]
  },
  {
    "code": "7741",
    "name": "ＨＯＹＡ",
    "annual_data": [
      {
        "date": "2010/03/31",
        "per": 26.92,
        "pbr": 3.13,
        "is_per_red": false,
        "is_pbr_red": false
      },
      {
        "date": "2011/03/31",
        "per": 13.86,
        "pbr": 2.19,
        "is_per_red": false,
        "is_pbr_red": false
      },
      {
        "date": "2012/03/30",
        "per": 18.95,
        "pbr": 2.1,
        "is_per_red": false,
        "is_pbr_red": false
      },
      {
        "date": "2013/03/29",
        "per": 10.53,
        "pbr": 1.62,
        "is_per_red": false,
        "is_pbr_red": false
      },
      {
        "date": "2014/03/31",
        "per": 23.06,
        "pbr": 2.59,
        "is_per_red": false,
        "is_pbr_red": false
      },
      {
        "date": "2015/03/31",
        "per": 22.04,
        "pbr": 3.46,
        "is_per_red": false,
        "is_pbr_red": false
      },
      {
        "date": "2016/03/31",
        "per": 18.96,
        "pbr": 3.44,
        "is_per_red": false,
        "is_pbr_red": false
      },
      {
        "date": "2017/03/31",
        "per": 24.1,
        "pbr": 4.07,
        "is_per_red": false,
        "is_pbr_red": false
      },
      {
        "date": "2018/03/30",
        "per": 20.58,
        "pbr": 3.83,
        "is_per_red": false,
        "is_pbr_red": false
      },
      {
        "date": "2019/03/29",
        "per": 22.74,
        "pbr": 4.46,
        "is_per_red": false,
        "is_pbr_red": false
      },
      {
        "date": "2020/03/31",
        "per": 30.29,
        "pbr": 5.35,
        "is_per_red": false,
        "is_pbr_red": false
      },
      {
        "date": "2021/03/31",
        "per": 38.8,
        "pbr": 6.98,
        "is_per_red": false,
        "is_pbr_red": false
      },
      {
        "date": "2022/03/31",
        "per": 31.43,
        "pbr": 6.37,
        "is_per_red": false,
        "is_pbr_red": false
      },
      {
        "date": "2023/03/31",
        "per": 30.97,
        "pbr": 6.3,
        "is_per_red": false,
        "is_pbr_red": false
      },
      {
        "date": "2024/03/29",
        "per": 36.35,
        "pbr": 6.79,
        "is_per_red": false,
        "is_pbr_red": false
      }
    ],
    "daily_data": [],
    "financial_data": [],
    "dividend_data": [
      {
        "fiscal_year": "2010/03",
        "total_dividend": 65.0,
        "dividend_yield": 2.53
      },
      {
        "fiscal_year": "2011/03",
        "total_dividend": 65.0,
        "dividend_yield": 3.42
      },
      {
        "fiscal_year": "2012/03",
        "total_dividend": 65.0,
        "dividend_yield": 3.5
      },
      {
        "fiscal_year": "2013/03",
        "total_dividend": 65.0,
        "dividend_yield": 3.71
      },
      {
        "fiscal_year": "2014/03",
        "total_dividend": 75.0,
        "dividend_yield": 2.33
      },
      {
        "fiscal_year": "2015/03",
        "total_dividend": 75.0,
        "dividend_yield": 1.56
      },
      {
        "fiscal_year": "2016/03",
        "total_dividend": 75.0,
        "dividend_yield": 1.75
      },
      {
        "fiscal_year": "2017/03",
        "total_dividend": 75.0,
        "dividend_yield": 1.4
      },
      {
        "fiscal_year": "2018/03",
        "total_dividend": 75.0,
        "dividend_yield": 1.41
      },
      {
        "fiscal_year": "2019/03",
        "total_dividend": 90.0,
        "dividend_yield": 1.23
      },
      {
        "fiscal_year": "2020/03",
        "total_dividend": 90.0,
        "dividend_yield": 0.98
      },
      {
        "fiscal_year": "2021/03",
        "total_dividend": 90.0,
        "dividend_yield": 0.69
      },
      {
        "fiscal_year": "2022/03",
        "total_dividend": 110.0,
        "dividend_yield": 0.78
      },
      {
        "fiscal_year": "2023/03",
        "total_dividend": 110.0,
        "dividend_yield": 0.76
      },
      {
        "fiscal_year": "2024/03",
        "total_dividend": 110.0,
        "dividend_yield": 0.59
      },
      {
        "fiscal_year": "2025/03"
      }
    ]
  },
  {
    "code": "7743",
    "name": "シード",
    "annual_data": [
      {
        "date": "2010/03/31",
        "per": 24.72,
        "pbr": 0.55,
        "is_per_red": false,
        "is_pbr_red": false
      },
      {
        "date": "2011/03/29",
        "per": 22.33,
        "pbr": 0.47,
        "is_per_red": false,
        "is_pbr_red": false
      },
      {
        "date": "2012/03/30",
        "per": 12.26,
        "pbr": 0.4,
        "is_per_red": false,
        "is_pbr_red": false
      },
      {
        "date": "2013/03/29",
        "per": 9.65,
        "pbr": 1.41,
        "is_per_red": false,
        "is_pbr_red": false
      },
      {
        "date": "2014/03/31",
        "per": 23.46,
        "pbr": 1.42,
        "is_per_red": false,
        "is_pbr_red": false
      },
      {
        "date": "2015/03/31",
        "per": 55.04,
        "pbr": 1.42,
        "is_per_red": false,
        "is_pbr_red": false
      },
      {
        "date": "2016/03/31",
        "per": 20.58,
        "pbr": 1.25,
        "is_per_red": false,
        "is_pbr_red": false
      },
      {
        "date": "2017/03/31",
        "per": 21.94,
        "pbr": 2.13,
        "is_per_red": false,
        "is_pbr_red": false
      },
      {
        "date": "2018/03/30",
        "per": 48.26,
        "pbr": 5.74,
        "is_per_red": false,
        "is_pbr_red": false
      },
      {
        "date": "2019/03/29",
        "per": 29.82,
        "pbr": 2.67,
        "is_per_red": false,
        "is_pbr_red": false
      },
      {
        "date": "2020/03/31",
        "per": 80.59,
        "pbr": 1.92,
        "is_per_red": false,
        "is_pbr_red": false
      },
      {
        "date": "2021/03/31",
        "per": 17.5,
        "pbr": 1.72,
        "is_per_red": false,
        "is_pbr_red": false
      },
      {
        "date": "2022/03/31",
        "per": 11.3,
        "pbr": 1.06,
        "is_per_red": false,
        "is_pbr_red": false
      },
      {
        "date": "2023/03/31",
        "per": -1,
        "pbr": 1.15,
        "is_per_red": true,
        "is_pbr_red": false
      },
      {
        "date": "2024/03/29",
        "per": 8.57,
        "pbr": 1.16,
        "is_per_red": false,
        "is_pbr_red": false
      }
    ],
    "daily_data": [],
    "financial_data": [
      {
        "fiscal_year": "2008/03",
        "sales": 10400.0,
        "operating_profit": -217.0,
        "ordinary_profit": -193.0,
        "net_profit": -1630.0,
        "roa": -1,
        "operating_margin": -1,
        "cost_ratio": -2.09,
        "sga_ratio": 50.95
      },
      {
        "fiscal_year": "2009/03",
        "sales": 9860.0,
        "operating_profit": -478.0,
        "ordinary_profit": -518.0,
        "net_profit": -1660.0000000000002,
        "roa": -1,
        "operating_margin": -1,
        "cost_ratio": -4.85,
        "sga_ratio": 56.03
      },
      {
        "fiscal_year": "2010/03",
        "sales": 11100.0,
        "operating_profit": 132.0,
        "ordinary_profit": 74.0,
        "net_profit": 122.0,
        "roe": 4.45,
        "roa": 2.23,
        "operating_margin": 0.79,
        "cost_ratio": 1.19,
        "sga_ratio": 54.55
      },
      {
        "fiscal_year": "2011/03",
        "sales": 11800.0,
        "operating_profit": 219.0,
        "ordinary_profit": 164.0,
        "net_profit": 114.99999999999999,
        "eps": 118.0,
        "roe": 4.21,
        "roa": 2.08,
        "operating_margin": 0.78,
        "cost_ratio": 1.85,
        "sga_ratio": 55.63
      },
      {
        "fiscal_year": "2012/03",
        "sales": 12700.0,
        "operating_profit": 339.0,
        "ordinary_profit": 297.0,
        "net_profit": 187.0,
        "eps": 237.0,
        "roe": 6.85,
        "roa": 3.27,
        "operating_margin": 1.24,
        "cost_ratio": 2.68,
        "sga_ratio": 55.76
      },
      {
        "fiscal_year": "2013/03",
        "sales": 15000.0,
        "operating_profit": 848.0,
        "ordinary_profit": 761.0,
        "net_profit": 969.0,
        "eps": 998.0,
        "roe": 35.45,
        "roa": 14.58,
        "operating_margin": 4.76,
        "cost_ratio": 5.64,
        "sga_ratio": 52.73
      },
      {
        "fiscal_year": "2014/03",
        "sales": 19200.0,
        "operating_profit": 1160.0,
        "ordinary_profit": 1080.0,
        "net_profit": 455.99999999999994,
        "eps": 479.0,
        "roe": 19.61,
        "roa": 5.5,
        "operating_margin": 1.99,
        "cost_ratio": 6.04,
        "sga_ratio": 56.9
      },
      {
        "fiscal_year": "2015/03",
        "sales": 18700.0,
        "operating_profit": 541.0,
        "ordinary_profit": 475.0,
        "net_profit": 216.0,
        "eps": 376.0,
        "roe": 8.43,
        "roa": 2.58,
        "operating_margin": 0.87,
        "cost_ratio": 2.89,
        "sga_ratio": 58.23
      },
      {
        "fiscal_year": "2016/03",
        "sales": 21800.0,
        "operating_profit": 894.9999999999999,
        "ordinary_profit": 834.0,
        "net_profit": 493.0,
        "eps": 14.000000000000002,
        "roe": 19.24,
        "roa": 6.2,
        "operating_margin": 1.99,
        "cost_ratio": 4.1,
        "sga_ratio": 60.2
      },
      {
        "fiscal_year": "2017/03",
        "sales": 24500.0,
        "operating_profit": 1520.0,
        "ordinary_profit": 1360.0,
        "net_profit": 876.0,
        "eps": 1240.0,
        "roe": 35.01,
        "roa": 9.73,
        "operating_margin": 3.0,
        "cost_ratio": 6.21,
        "sga_ratio": 58.92
      },
      {
        "fiscal_year": "2018/03",
        "sales": 27800.0,
        "operating_profit": 2110.0,
        "ordinary_profit": 2160.0,
        "net_profit": 1200.0,
        "eps": 1310.0,
        "roe": 47.87,
        "roa": 11.88,
        "operating_margin": 3.45,
        "cost_ratio": 7.57,
        "sga_ratio": 55.41
      },
      {
        "fiscal_year": "2019/03",
        "sales": 29500.0,
        "operating_profit": 1870.0,
        "ordinary_profit": 1839.9999999999998,
        "net_profit": 964.0,
        "eps": 935.0,
        "roe": 38.5,
        "roa": 8.96,
        "operating_margin": 2.4,
        "cost_ratio": 6.36,
        "sga_ratio": 54.67
      },
      {
        "fiscal_year": "2020/03",
        "sales": 31800.0,
        "operating_profit": 1730.0,
        "ordinary_profit": 1689.9999999999998,
        "net_profit": 252.99999999999997,
        "eps": 209.0,
        "roe": 10.1,
        "roa": 2.38,
        "operating_margin": 0.61,
        "cost_ratio": 5.45,
        "sga_ratio": 55.39
      },
      {
        "fiscal_year": "2021/03",
        "sales": 28600.0,
        "operating_profit": 1200.0,
        "ordinary_profit": 1210.0,
        "net_profit": 1130.0,
        "eps": 1230.0,
        "roe": 45.13,
        "roa": 9.83,
        "operating_margin": 2.74,
        "cost_ratio": 4.18,
        "sga_ratio": 56.63
      },
      {
        "fiscal_year": "2022/03",
        "sales": 28800.0,
        "operating_profit": 1180.0,
        "ordinary_profit": 1140.0,
        "net_profit": 1150.0,
        "eps": 1120.0,
        "roe": 46.09,
        "roa": 9.41,
        "operating_margin": 2.76,
        "cost_ratio": 4.08,
        "sga_ratio": 58.35
      },
      {
        "fiscal_year": "2023/03",
        "sales": 30600.0,
        "operating_profit": 630.0,
        "ordinary_profit": 554.0,
        "net_profit": -316.0,
        "eps": -132.0,
        "roe": -12.63,
        "roa": -1,
        "operating_margin": -1,
        "cost_ratio": 2.06,
        "sga_ratio": 62.01
      },
      {
        "fiscal_year": "2024/03",
        "sales": 32400.0,
        "operating_profit": 2050.0,
        "ordinary_profit": 2060.0,
        "net_profit": 1960.0000000000002,
        "eps": 2430.0,
        "roe": 77.4,
        "roa": 11.32,
        "operating_margin": 3.96,
        "cost_ratio": 6.33,
        "sga_ratio": 56.22
      },
      {
        "fiscal_year": "2025/03",
        "sales": 36000.0,
        "operating_profit": 2200.0,
        "ordinary_profit": 2100.0,
        "net_profit": 1400.0,
        "roe": 46.26,
        "roa": 7.97,
        "operating_margin": 2.72,
        "cost_ratio": 6.11
      }
    ],
    "dividend_data": [
      {
        "fiscal_year": "2010/03",
        "total_dividend": 1.67,
        "dividend_yield": 1.52
      },
      {
        "fiscal_year": "2011/03",
        "total_dividend": 1.67,
        "dividend_yield": 1.77
      },
      {
        "fiscal_year": "2012/03",
        "total_dividend": 3.33,
        "dividend_yield": 3.95
      },
      {
        "fiscal_year": "2013/03",
        "total_dividend": 6.67,
        "dividend_yield": 1.95
      }
    ]
  },
  {
    "code": "7744",
    "name": "ノーリツ鋼機",
    "annual_data": [
      {
        "date": "2010/03/31",
        "per": -1,
        "pbr": 0.35,
        "is_per_red": true,
        "is_pbr_red": false
      },
      {
        "date": "2011/03/31",
        "per": -1,
        "pbr": 0.29,
        "is_per_red": true,
        "is_pbr_red": false
      },
      {
        "date": "2012/03/30",
        "per": -1,
        "pbr": 0.25,
        "is_per_red": true,
        "is_pbr_red": false
      },
      {
        "date": "2013/03/29",
        "per": 43.49,
        "pbr": 0.3,
        "is_per_red": false,
        "is_pbr_red": false
      },
      {
        "date": "2014/03/31",
        "per": 19.53,
        "pbr": 0.49,
        "is_per_red": false,
        "is_pbr_red": false
      },
      {
        "date": "2015/03/31",
        "per": 11.02,
        "pbr": 0.44,
        "is_per_red": false,
        "is_pbr_red": false
      },
      {
        "date": "2016/03/31",
        "per": -1,
        "pbr": 0.47,
        "is_per_red": true,
        "is_pbr_red": false
      },
      {
        "date": "2017/03/31",
        "per": 7.45,
        "pbr": 0.56,
        "is_per_red": false,
        "is_pbr_red": false
      },
      {
        "date": "2018/03/30",
        "per": 10.04,
        "pbr": 1.19,
        "is_per_red": false,
        "is_pbr_red": false
      },
      {
        "date": "2019/03/29",
        "per": 29.75,
        "pbr": 1.17,
        "is_per_red": false,
        "is_pbr_red": false
      },
      {
        "date": "2020/12/30",
        "per": 8.75,
        "pbr": 0.82,
        "is_per_red": false,
        "is_pbr_red": false
      },
      {
        "date": "2021/12/30",
        "per": 18.9,
        "pbr": 0.87,
        "is_per_red": false,
        "is_pbr_red": false
      },
      {
        "date": "2022/12/30",
        "per": 0.84,
        "pbr": 0.44,
        "is_per_red": false,
        "is_pbr_red": false
      },
      {
        "date": "2023/12/29",
        "per": 10.49,
        "pbr": 0.52,
        "is_per_red": false,
        "is_pbr_red": false
      }
    ],
    "daily_data": [],
    "financial_data": [
      {
        "fiscal_year": "2008/03",
        "sales": 62600.0,
        "operating_profit": 4190.0,
        "ordinary_profit": 2130.0,
        "roe": 2.25,
        "roa": 1.84,
        "operating_margin": 6.69,
        "cost_ratio": 49.67,
        "sga_ratio": 43.64
      },
      {
        "fiscal_year": "2009/03",
        "sales": 45400.0,
        "operating_profit": -1860.0000000000002,
        "ordinary_profit": -3860.0,
        "roe": -1,
        "roa": -1,
        "operating_margin": -4.1,
        "cost_ratio": 48.27,
        "sga_ratio": 55.83
      },
      {
        "fiscal_year": "2010/03",
        "sales": 28000.0,
        "operating_profit": -6920.0,
        "ordinary_profit": -20900.0,
        "eps": -576.31,
        "roe": -1,
        "roa": -1,
        "operating_margin": -24.76,
        "cost_ratio": 50.32,
        "sga_ratio": 74.43
      },
      {
        "fiscal_year": "2011/03",
        "sales": 29300.0,
        "operating_profit": 239.0,
        "ordinary_profit": -5780.0,
        "net_profit": -7540.000000000001,
        "eps": -159.76,
        "roe": -1,
        "roa": -1,
        "operating_margin": 0.82,
        "cost_ratio": 50.24,
        "sga_ratio": 48.94
      },
      {
        "fiscal_year": "2012/03",
        "sales": 18800.0,
        "operating_profit": 604.0,
        "ordinary_profit": -1570.0,
        "net_profit": -2060.0,
        "eps": -43.27,
        "roe": -1,
        "roa": -1,
        "operating_margin": 3.21,
        "cost_ratio": 46.23,
        "sga_ratio": 50.55
      },
      {
        "fiscal_year": "2013/03",
        "sales": 27400.0,
        "operating_profit": 616.0,
        "ordinary_profit": 417.0,
        "net_profit": 1380.0,
        "eps": 11.52,
        "roe": 0.68,
        "roa": 0.52,
        "operating_margin": 2.25,
        "cost_ratio": 49.46,
        "sga_ratio": 48.29
      },
      {
        "fiscal_year": "2014/03",
        "sales": 55100.0,
        "operating_profit": 2970.0,
        "ordinary_profit": 1320.0,
        "net_profit": 3329.9999999999995,
        "eps": 37.18,
        "roe": 2.48,
        "roa": 1.54,
        "operating_margin": 5.39,
        "cost_ratio": 48.34,
        "sga_ratio": 46.27
      },
      {
        "fiscal_year": "2015/03",
        "sales": 35600.0,
        "ordinary_profit": 2250.0,
        "net_profit": 3300.0,
        "eps": 63.18,
        "roe": 4.0,
        "roa": 1.85,
        "operating_margin": 6.95
      },
      {
        "fiscal_year": "2016/03",
        "sales": 43100.0,
        "operating_profit": 2030.0,
        "ordinary_profit": -2960.0,
        "net_profit": -3130.0,
        "eps": -82.97,
        "roe": -1,
        "roa": -1,
        "operating_margin": 4.71
      },
      {
        "fiscal_year": "2017/03",
        "sales": 50000.0,
        "operating_profit": 4610.0,
        "ordinary_profit": 4290.0,
        "net_profit": 4300.0,
        "eps": 120.46,
        "roe": 7.49,
        "roa": 3.69,
        "operating_margin": 9.21
      },
      {
        "fiscal_year": "2018/03",
        "sales": 56000.0,
        "operating_profit": 5950.0,
        "ordinary_profit": 8920.0,
        "net_profit": 20900.0,
        "eps": 250.46,
        "roe": 11.82,
        "roa": 6.0,
        "operating_margin": 10.63,
        "cost_ratio": 51.74,
        "sga_ratio": 37.54
      },
      {
        "fiscal_year": "2019/03",
        "sales": 63500.0,
        "operating_profit": 6050.0,
        "ordinary_profit": 2950.0,
        "net_profit": 247.00000000000003,
        "eps": 82.78,
        "roe": 3.93,
        "roa": 1.97,
        "operating_margin": 9.53,
        "cost_ratio": 52.66,
        "sga_ratio": 37.52
      },
      {
        "fiscal_year": "2020/03",
        "sales": 26100.0,
        "operating_profit": 4130.0,
        "ordinary_profit": 1290.0,
        "net_profit": -4790.0,
        "eps": 36.19,
        "roe": 1.64,
        "roa": 0.8,
        "operating_margin": 15.81,
        "cost_ratio": 51.4,
        "sga_ratio": 28.12
      },
      {
        "fiscal_year": "2020/12",
        "sales": 41100.0,
        "operating_profit": 5820.0,
        "ordinary_profit": 9890.0,
        "net_profit": 11000.0,
        "eps": 277.79,
        "roe": 9.38,
        "roa": 4.18,
        "operating_margin": 14.13,
        "cost_ratio": 45.5,
        "sga_ratio": 38.47
      },
      {
        "fiscal_year": "2021/12",
        "sales": 54500.0,
        "operating_profit": 6070.0,
        "ordinary_profit": 5120.0,
        "net_profit": 7880.0,
        "eps": 143.56,
        "roe": 4.61,
        "roa": 1.94,
        "operating_margin": 11.14,
        "cost_ratio": 54.55,
        "sga_ratio": 32.74
      },
      {
        "fiscal_year": "2022/12",
        "sales": 73500.0,
        "operating_profit": 1260.0,
        "ordinary_profit": 101600.0,
        "net_profit": 88600.0,
        "eps": 2848.5,
        "roe": 52.74,
        "roa": 33.05,
        "operating_margin": 1.72
      },
      {
        "fiscal_year": "2023/12",
        "sales": 90100.0,
        "operating_profit": 14500.0,
        "ordinary_profit": 10200.0,
        "net_profit": 21400.0,
        "eps": 285.87,
        "roe": 4.97,
        "roa": 3.65,
        "operating_margin": 16.06,
        "cost_ratio": 56.06,
        "sga_ratio": 30.64
      },
      {
        "fiscal_year": "2024/12",
        "sales": 104300.0,
        "operating_profit": 18700.0,
        "ordinary_profit": 14300.0,
        "eps": 395.13,
        "roe": 6.67,
        "roa": 4.93,
        "operating_margin": 17.93
      }
    ],
    "dividend_data": [
      {
        "fiscal_year": "2010/03",
        "total_dividend": 15.0,
        "dividend_yield": 2.25
      },
      {
        "fiscal_year": "2012/03",
        "total_dividend": 3.0,
        "dividend_yield": 0.7
      },
      {
        "fiscal_year": "2013/03",
        "total_dividend": 7.0,
        "dividend_yield": 1.4
      }
    ]
  },
  {
    "code": "7745",
    "name": "Ａ＆Ｄホロンホールディングス",
    "annual_data": [
      {
        "date": "2010/03/31",
        "per": -1,
        "pbr": 0.74,
        "is_per_red": true,
        "is_pbr_red": false
      },
      {
        "date": "2011/03/31",
        "per": 11.48,
        "pbr": 0.5,
        "is_per_red": false,
        "is_pbr_red": false
      },
      {
        "date": "2012/03/30",
        "per": 11.68,
        "pbr": 0.53,
        "is_per_red": false,
        "is_pbr_red": false
      },
      {
        "date": "2013/03/29",
        "per": 12.82,
        "pbr": 0.8,
        "is_per_red": false,
        "is_pbr_red": false
      },
      {
        "date": "2014/03/31",
        "per": 7.55,
        "pbr": 0.57,
        "is_per_red": false,
        "is_pbr_red": false
      },
      {
        "date": "2015/03/31",
        "per": 62.91,
        "pbr": 0.67,
        "is_per_red": false,
        "is_pbr_red": false
      },
      {
        "date": "2016/03/31",
        "per": 18.74,
        "pbr": 0.59,
        "is_per_red": false,
        "is_pbr_red": false
      },
      {
        "date": "2017/03/31",
        "per": 20.13,
        "pbr": 0.63,
        "is_per_red": false,
        "is_pbr_red": false
      },
      {
        "date": "2018/03/30",
        "per": 7.38,
        "pbr": 0.85,
        "is_per_red": false,
        "is_pbr_red": false
      },
      {
        "date": "2019/03/29",
        "per": 8.23,
        "pbr": 0.91,
        "is_per_red": false,
        "is_pbr_red": false
      },
      {
        "date": "2020/03/31",
        "per": 8.34,
        "pbr": 0.77,
        "is_per_red": false,
        "is_pbr_red": false
      },
      {
        "date": "2021/03/31",
        "per": 7.69,
        "pbr": 1.24,
        "is_per_red": false,
        "is_pbr_red": false
      },
      {
        "date": "2022/03/31",
        "per": 5.6,
        "pbr": 0.83,
        "is_per_red": false,
        "is_pbr_red": false
      },
      {
        "date": "2023/03/31",
        "per": 7.07,
        "pbr": 1.2,
        "is_per_red": false,
        "is_pbr_red": false
      },
      {
        "date": "2024/03/29",
        "per": 15.04,
        "pbr": 2.12,
        "is_per_red": false,
        "is_pbr_red": false
      }
    ],
    "daily_data": [],
    "financial_data": [
      {
        "fiscal_year": "2008/03",
        "sales": 34500.0,
        "operating_profit": 3270.0000000000005,
        "ordinary_profit": 2270.0,
        "net_profit": 1019.9999999999999,
        "roa": 5.16,
        "operating_margin": 2.33,
        "cost_ratio": 9.47,
        "sga_ratio": 50.42
      },
      {
        "fiscal_year": "2009/03",
        "sales": 32200.0,
        "operating_profit": -147.0,
        "ordinary_profit": -1770.0,
        "net_profit": -2260.0,
        "roa": -1,
        "operating_margin": -1,
        "cost_ratio": -0.46,
        "sga_ratio": 52.15
      },
      {
        "fiscal_year": "2010/03",
        "sales": 28700.0,
        "operating_profit": -1320.0,
        "ordinary_profit": -1360.0,
        "net_profit": -2240.0,
        "roe": -100.17,
        "roa": -1,
        "operating_margin": -1,
        "cost_ratio": -4.61,
        "sga_ratio": 57.4
      },
      {
        "fiscal_year": "2011/03",
        "sales": 30700.0,
        "operating_profit": 554.0,
        "ordinary_profit": 294.0,
        "net_profit": 537.0,
        "eps": 148.0,
        "roe": 24.05,
        "roa": 4.4,
        "operating_margin": 1.43,
        "cost_ratio": 1.81,
        "sga_ratio": 54.29
      },
      {
        "fiscal_year": "2012/03",
        "sales": 31000.0,
        "operating_profit": 971.0000000000001,
        "ordinary_profit": 702.0,
        "net_profit": 574.0,
        "eps": 501.99999999999994,
        "roe": 25.59,
        "roa": 4.55,
        "operating_margin": 1.42,
        "cost_ratio": 3.14,
        "sga_ratio": 53.71
      },
      {
        "fiscal_year": "2013/03",
        "sales": 34300.0,
        "operating_profit": 1310.0,
        "ordinary_profit": 1030.0,
        "net_profit": 902.0,
        "eps": 1620.0,
        "roe": 40.16,
        "roa": 6.21,
        "operating_margin": 2.13,
        "cost_ratio": 3.81,
        "sga_ratio": 54.83
      },
      {
        "fiscal_year": "2014/03",
        "sales": 37800.0,
        "operating_profit": 1440.0,
        "ordinary_profit": 1019.9999999999999,
        "net_profit": 1210.0,
        "eps": 1430.0,
        "roe": 56.72,
        "roa": 7.55,
        "operating_margin": 2.82,
        "cost_ratio": 3.8,
        "sga_ratio": 53.99
      },
      {
        "fiscal_year": "2015/03",
        "sales": 39500.0,
        "operating_profit": 1700.0,
        "ordinary_profit": 919.0,
        "net_profit": 163.0,
        "eps": 176.0,
        "roe": 7.63,
        "roa": 1.07,
        "operating_margin": 0.36,
        "cost_ratio": 4.29,
        "sga_ratio": 53.73
      },
      {
        "fiscal_year": "2016/03",
        "sales": 40300.0,
        "operating_profit": 1140.0,
        "ordinary_profit": 1010.0,
        "net_profit": 448.00000000000006,
        "eps": -690.0,
        "roe": 20.97,
        "roa": 3.13,
        "operating_margin": 1.02,
        "cost_ratio": 2.84,
        "sga_ratio": 56.3
      },
      {
        "fiscal_year": "2017/03",
        "sales": 40200.0,
        "operating_profit": 1130.0,
        "ordinary_profit": 1110.0,
        "net_profit": 476.99999999999994,
        "eps": 1090.0,
        "roe": 22.4,
        "roa": 3.25,
        "operating_margin": 1.06,
        "cost_ratio": 2.82,
        "sga_ratio": 57.47
      },
      {
        "fiscal_year": "2018/03",
        "sales": 44100.0,
        "operating_profit": 2380.0,
        "ordinary_profit": 2330.0,
        "net_profit": 1830.0,
        "eps": 1420.0,
        "roe": 89.17,
        "roa": 11.55,
        "operating_margin": 3.88,
        "cost_ratio": 5.39,
        "sga_ratio": 56.6
      },
      {
        "fiscal_year": "2019/03",
        "sales": 48300.0,
        "operating_profit": 2750.0,
        "ordinary_profit": 2680.0,
        "net_profit": 1900.0,
        "eps": 1760.0000000000002,
        "roe": 92.74,
        "roa": 11.09,
        "operating_margin": 3.73,
        "cost_ratio": 5.69,
        "sga_ratio": 56.91
      },
      {
        "fiscal_year": "2020/03",
        "sales": 49200.0,
        "operating_profit": 3700.0,
        "ordinary_profit": 3429.9999999999995,
        "net_profit": 1580.0,
        "eps": 847.0000000000001,
        "roe": 76.86,
        "roa": 9.16,
        "operating_margin": 3.2,
        "cost_ratio": 7.52,
        "sga_ratio": 55.72
      },
      {
        "fiscal_year": "2021/03",
        "sales": 48400.0,
        "operating_profit": 4400.0,
        "ordinary_profit": 4560.0,
        "net_profit": 3340.0,
        "eps": 4270.0,
        "roe": 161.86,
        "roa": 16.07,
        "operating_margin": 6.17,
        "cost_ratio": 9.09,
        "sga_ratio": 55.32
      },
      {
        "fiscal_year": "2022/03",
        "sales": 51700.0,
        "operating_profit": 5500.0,
        "ordinary_profit": 5600.0,
        "net_profit": 3570.0000000000005,
        "eps": 4490.0,
        "roe": 172.87,
        "roa": 14.79,
        "operating_margin": 6.03,
        "cost_ratio": 10.62,
        "sga_ratio": 55.77
      },
      {
        "fiscal_year": "2023/03",
        "sales": 59000.0,
        "operating_profit": 7480.0,
        "ordinary_profit": 7640.000000000001,
        "net_profit": 5520.0,
        "eps": 6340.0,
        "roe": 201.3,
        "roa": 17.0,
        "operating_margin": 7.96,
        "cost_ratio": 12.66,
        "sga_ratio": 55.44
      },
      {
        "fiscal_year": "2024/03",
        "sales": 62000.0,
        "operating_profit": 7959.999999999999,
        "ordinary_profit": 8240.0,
        "net_profit": 5300.0,
        "eps": 6150.0,
        "roe": 192.88,
        "roa": 14.07,
        "operating_margin": 7.36,
        "cost_ratio": 12.84,
        "sga_ratio": 55.42
      },
      {
        "fiscal_year": "2025/03",
        "sales": 66000.0,
        "operating_profit": 9200.0,
        "ordinary_profit": 8980.0,
        "net_profit": 6200.0,
        "roe": 225.24,
        "roa": 16.32,
        "operating_margin": 9.3,
        "cost_ratio": 13.94
      }
    ],
    "dividend_data": [
      {
        "fiscal_year": "2011/03",
        "total_dividend": 7.0,
        "dividend_yield": 2.54
      },
      {
        "fiscal_year": "2012/03",
        "total_dividend": 7.0,
        "dividend_yield": 2.34
      },
      {
        "fiscal_year": "2013/03",
        "total_dividend": 7.0,
        "dividend_yield": 1.36
      }
    ]
  },
  {
    "code": "7746",
    "name": "岡本硝子",
    "annual_data": [
      {
        "date": "2010/03/31",
        "per": 12.63,
        "pbr": 8.56,
        "is_per_red": false,
        "is_pbr_red": false
      },
      {
        "date": "2011/03/31",
        "per": 5.95,
        "pbr": 3.72,
        "is_per_red": false,
        "is_pbr_red": false
      },
      {
        "date": "2012/03/30",
        "per": 7.08,
        "pbr": 2.14,
        "is_per_red": false,
        "is_pbr_red": false
      },
      {
        "date": "2013/03/29",
        "per": -1,
        "pbr": 2.48,
        "is_per_red": true,
        "is_pbr_red": false
      },
      {
        "date": "2014/03/31",
        "per": -1,
        "pbr": 3.87,
        "is_per_red": true,
        "is_pbr_red": false
      },
      {
        "date": "2015/03/31",
        "per": 57.55,
        "pbr": 6.21,
        "is_per_red": false,
        "is_pbr_red": false
      },
      {
        "date": "2016/03/31",
        "per": -1,
        "pbr": 2.51,
        "is_per_red": true,
        "is_pbr_red": false
      },
      {
        "date": "2017/03/31",
        "per": 67.98,
        "pbr": 2.12,
        "is_per_red": false,
        "is_pbr_red": false
      },
      {
        "date": "2018/03/30",
        "per": 46.62,
        "pbr": 2.01,
        "is_per_red": false,
        "is_pbr_red": false
      },
      {
        "date": "2019/03/29",
        "per": 28.14,
        "pbr": 2.28,
        "is_per_red": false,
        "is_pbr_red": false
      },
      {
        "date": "2020/03/31",
        "per": -1,
        "pbr": 1.57,
        "is_per_red": true,
        "is_pbr_red": false
      },
      {
        "date": "2021/03/31",
        "per": -1,
        "pbr": 3.58,
        "is_per_red": true,
        "is_pbr_red": false
      },
      {
        "date": "2022/03/31",
        "per": -1,
        "pbr": 2.41,
        "is_per_red": true,
        "is_pbr_red": false
      },
      {
        "date": "2023/03/31",
        "per": 14.84,
        "pbr": 2.08,
        "is_per_red": false,
        "is_pbr_red": false
      },
      {
        "date": "2024/03/29",
        "per": 31.28,
        "pbr": 1.88,
        "is_per_red": false,
        "is_pbr_red": false
      }
    ],
    "daily_data": [],
    "financial_data": [
      {
        "fiscal_year": "2008/03",
        "sales": 6470.0,
        "operating_profit": -664.0,
        "ordinary_profit": -704.0,
        "net_profit": -2140.0,
        "roa": -1,
        "operating_margin": -1,
        "cost_ratio": -10.26,
        "sga_ratio": 90.24
      },
      {
        "fiscal_year": "2009/03",
        "sales": 5900.0,
        "operating_profit": -688.0,
        "ordinary_profit": -937.0,
        "net_profit": -1530.0,
        "roa": -1,
        "operating_margin": -1,
        "cost_ratio": -11.66,
        "sga_ratio": 92.77
      },
      {
        "fiscal_year": "2010/03",
        "sales": 5630.0,
        "operating_profit": 239.0,
        "ordinary_profit": 356.0,
        "net_profit": 263.0,
        "roe": 16.47,
        "roa": 67.8,
        "operating_margin": 3.82,
        "cost_ratio": 4.25,
        "sga_ratio": 78.19
      },
      {
        "fiscal_year": "2011/03",
        "sales": 6370.0,
        "operating_profit": 865.0,
        "ordinary_profit": 794.0,
        "net_profit": 723.0,
        "eps": 776.0,
        "roe": 45.36,
        "roa": 62.52,
        "operating_margin": 9.99,
        "cost_ratio": 13.58,
        "sga_ratio": 70.13
      },
      {
        "fiscal_year": "2012/03",
        "sales": 5600.0,
        "operating_profit": 80.0,
        "ordinary_profit": 55.0,
        "net_profit": 385.0,
        "eps": 113.0,
        "roe": 24.16,
        "roa": 30.22,
        "operating_margin": 5.58,
        "cost_ratio": 1.43,
        "sga_ratio": 80.08
      },
      {
        "fiscal_year": "2013/03",
        "sales": 5200.0,
        "operating_profit": -343.0,
        "ordinary_profit": -303.0,
        "net_profit": -311.0,
        "eps": -261.0,
        "roe": -19.51,
        "roa": -1,
        "operating_margin": -1,
        "cost_ratio": -6.6,
        "sga_ratio": 86.77
      },
      {
        "fiscal_year": "2014/03",
        "sales": 5830.0,
        "operating_profit": -509.0,
        "ordinary_profit": -413.0,
        "net_profit": -379.0,
        "eps": -354.0,
        "roe": -23.74,
        "roa": -1,
        "operating_margin": -1,
        "cost_ratio": -8.74,
        "sga_ratio": 88.77
      },
      {
        "fiscal_year": "2015/03",
        "sales": 6120.0,
        "operating_profit": 104.0,
        "ordinary_profit": 136.0,
        "net_profit": 83.0,
        "eps": 102.0,
        "roe": 5.23,
        "roa": 10.79,
        "operating_margin": 1.37,
        "cost_ratio": 1.69,
        "sga_ratio": 76.3
      },
      {
        "fiscal_year": "2016/03",
        "sales": 5340.0,
        "operating_profit": -50.0,
        "ordinary_profit": -103.0,
        "net_profit": -103.0,
        "eps": -126.0,
        "roe": -5.97,
        "roa": -1,
        "operating_margin": -1,
        "cost_ratio": -0.94,
        "sga_ratio": 74.79
      },
      {
        "fiscal_year": "2017/03",
        "sales": 5340.0,
        "operating_profit": 148.0,
        "ordinary_profit": 66.0,
        "net_profit": 43.0,
        "eps": 97.0,
        "roe": 2.28,
        "roa": 3.07,
        "operating_margin": 0.65,
        "cost_ratio": 2.76,
        "sga_ratio": 73.44
      },
      {
        "fiscal_year": "2018/03",
        "sales": 5790.0,
        "operating_profit": 212.0,
        "ordinary_profit": 107.0,
        "net_profit": 84.0,
        "eps": 76.0,
        "roe": 4.14,
        "roa": 3.83,
        "operating_margin": 1.15,
        "cost_ratio": 3.67,
        "sga_ratio": 73.58
      },
      {
        "fiscal_year": "2019/03",
        "sales": 6080.0,
        "operating_profit": 331.0,
        "ordinary_profit": 272.0,
        "net_profit": 187.0,
        "eps": 89.0,
        "roe": 8.21,
        "roa": 7.98,
        "operating_margin": 2.47,
        "cost_ratio": 5.45,
        "sga_ratio": 70.09
      },
      {
        "fiscal_year": "2020/03",
        "sales": 5490.0,
        "operating_profit": 36.0,
        "ordinary_profit": -187.0,
        "net_profit": -190.0,
        "eps": -262.0,
        "roe": -8.21,
        "roa": -1,
        "operating_margin": -1,
        "cost_ratio": 0.66,
        "sga_ratio": 72.48
      },
      {
        "fiscal_year": "2021/03",
        "sales": 4410.0,
        "operating_profit": -507.0,
        "ordinary_profit": -685.0,
        "net_profit": -858.0,
        "eps": -825.0,
        "roe": -36.89,
        "roa": -1,
        "operating_margin": -1,
        "cost_ratio": -11.49,
        "sga_ratio": 82.21
      },
      {
        "fiscal_year": "2022/03",
        "sales": 5070.0,
        "operating_profit": 225.0,
        "ordinary_profit": 160.0,
        "net_profit": -88.0,
        "eps": -2.9,
        "roe": -3.77,
        "roa": -1,
        "operating_margin": -1,
        "cost_ratio": 4.44,
        "sga_ratio": 69.47
      },
      {
        "fiscal_year": "2023/03",
        "sales": 4890.0,
        "operating_profit": 133.0,
        "ordinary_profit": 146.0,
        "net_profit": 215.0,
        "eps": 247.0,
        "roe": 9.23,
        "roa": 14.02,
        "operating_margin": 2.83,
        "cost_ratio": 2.72,
        "sga_ratio": 69.63
      },
      {
        "fiscal_year": "2024/03",
        "sales": 4580.0,
        "operating_profit": 62.0,
        "ordinary_profit": 146.0,
        "net_profit": 102.0,
        "eps": 160.0,
        "roe": 4.38,
        "roa": 6.02,
        "operating_margin": 1.28,
        "cost_ratio": 1.35,
        "sga_ratio": 68.21
      },
      {
        "fiscal_year": "2025/03",
        "sales": 5310.0,
        "operating_profit": 200.0,
        "ordinary_profit": 160.0,
        "net_profit": 120.0,
        "roe": 5.16,
        "roa": 7.45,
        "operating_margin": 1.52,
        "cost_ratio": 3.77
      }
    ],
    "dividend_data": [
      {
        "fiscal_year": "2013/03",
        "total_dividend": 0.0
      }
    ]
  },
  {
    "code": "7747",
    "name": "朝日インテック",
    "annual_data": [
      {
        "date": "2010/06/28",
        "per": 17.43,
        "pbr": 1.98,
        "is_per_red": false,
        "is_pbr_red": false
      },
      {
        "date": "2011/06/09",
        "per": 13.5,
        "pbr": 1.97,
        "is_per_red": false,
        "is_pbr_red": false
      },
      {
        "date": "2012/06/29",
        "per": 34.55,
        "pbr": 2.41,
        "is_per_red": false,
        "is_pbr_red": false
      },
      {
        "date": "2013/06/28",
        "per": 25.74,
        "pbr": 3.54,
        "is_per_red": false,
        "is_pbr_red": false
      },
      {
        "date": "2014/06/30",
        "per": 30.48,
        "pbr": 5.18,
        "is_per_red": false,
        "is_pbr_red": false
      },
      {
        "date": "2015/06/30",
        "per": 92.34,
        "pbr": 16.52,
        "is_per_red": false,
        "is_pbr_red": false
      },
      {
        "date": "2016/06/30",
        "per": 45.55,
        "pbr": 9.76,
        "is_per_red": false,
        "is_pbr_red": false
      },
      {
        "date": "2017/06/30",
        "per": 42.0,
        "pbr": 7.38,
        "is_per_red": false,
        "is_pbr_red": false
      },
      {
        "date": "2018/06/29",
        "per": 53.88,
        "pbr": 10.1,
        "is_per_red": false,
        "is_pbr_red": false
      },
      {
        "date": "2019/06/28",
        "per": 61.32,
        "pbr": 10.56,
        "is_per_red": false,
        "is_pbr_red": false
      },
      {
        "date": "2020/06/30",
        "per": 86.98,
        "pbr": 11.1,
        "is_per_red": false,
        "is_pbr_red": false
      },
      {
        "date": "2021/06/30",
        "per": 69.46,
        "pbr": 7.61,
        "is_per_red": false,
        "is_pbr_red": false
      },
      {
        "date": "2022/06/30",
        "per": 51.2,
        "pbr": 4.66,
        "is_per_red": false,
        "is_pbr_red": false
      },
      {
        "date": "2023/06/30",
        "per": 58.26,
        "pbr": 5.77,
        "is_per_red": false,
        "is_pbr_red": false
      },
      {
        "date": "2024/06/28",
        "per": 38.76,
        "pbr": 4.05,
        "is_per_red": false,
        "is_pbr_red": false
      }
    ],
    "daily_data": [],
    "financial_data": [
      {
        "fiscal_year": "2008/06",
        "sales": 11700.0,
        "operating_profit": 1060.0,
        "ordinary_profit": 938.0000000000001,
        "net_profit": 473.00000000000006,
        "roa": 3.85,
        "operating_margin": 2.39,
        "cost_ratio": 9.03,
        "sga_ratio": 49.87
      },
      {
        "fiscal_year": "2009/06",
        "sales": 12700.0,
        "operating_profit": 1780.0,
        "ordinary_profit": 1440.0,
        "net_profit": 446.0,
        "roa": 3.67,
        "operating_margin": 2.16,
        "cost_ratio": 14.01,
        "sga_ratio": 45.84
      },
      {
        "fiscal_year": "2010/06",
        "sales": 15300.0,
        "operating_profit": 2930.0,
        "ordinary_profit": 2790.0,
        "net_profit": 1500.0,
        "roe": 5.91,
        "roa": 11.34,
        "operating_margin": 6.8,
        "cost_ratio": 19.1,
        "sga_ratio": 43.44
      },
      {
        "fiscal_year": "2011/06",
        "sales": 16000.0,
        "operating_profit": 3250.0,
        "ordinary_profit": 3160.0,
        "net_profit": 2160.0,
        "eps": 1970.0,
        "roe": 8.52,
        "roa": 14.63,
        "operating_margin": 8.9,
        "cost_ratio": 20.29,
        "sga_ratio": 33.31
      },
      {
        "fiscal_year": "2012/06",
        "sales": 14900.0,
        "operating_profit": 2039.9999999999998,
        "ordinary_profit": 1930.0,
        "net_profit": 968.0,
        "eps": 673.0,
        "roe": 3.82,
        "roa": 6.96,
        "operating_margin": 3.63,
        "cost_ratio": 13.72,
        "sga_ratio": 33.18
      },
      {
        "fiscal_year": "2013/06",
        "sales": 20000.0,
        "operating_profit": 4350.0,
        "ordinary_profit": 4800.0,
        "net_profit": 3000.0,
        "eps": 5290.0,
        "roe": 11.81,
        "roa": 13.77,
        "operating_margin": 8.21,
        "cost_ratio": 21.79,
        "sga_ratio": 32.34
      },
      {
        "fiscal_year": "2014/06",
        "sales": 28100.0,
        "operating_profit": 6000.0,
        "ordinary_profit": 6100.0,
        "net_profit": 4360.0,
        "eps": 4390.0,
        "roe": 17.06,
        "roa": 16.95,
        "operating_margin": 10.15,
        "cost_ratio": 21.3,
        "sga_ratio": 36.33
      },
      {
        "fiscal_year": "2015/06",
        "sales": 35300.0,
        "operating_profit": 7980.0,
        "ordinary_profit": 8400.0,
        "net_profit": 5830.0,
        "eps": 7940.000000000001,
        "roe": 11.36,
        "roa": 17.9,
        "operating_margin": 11.42,
        "cost_ratio": 22.58,
        "sga_ratio": 37.12
      },
      {
        "fiscal_year": "2016/06",
        "sales": 39500.0,
        "operating_profit": 10000.0,
        "ordinary_profit": 9520.0,
        "net_profit": 6909.999999999999,
        "eps": 4130.0,
        "roe": 27.31,
        "roa": 21.42,
        "operating_margin": 13.74,
        "cost_ratio": 25.32,
        "sga_ratio": 34.41
      },
      {
        "fiscal_year": "2017/06",
        "sales": 42700.0,
        "operating_profit": 10800.0,
        "ordinary_profit": 10900.0,
        "net_profit": 7730.0,
        "eps": 9490.0,
        "roe": 30.43,
        "roa": 17.3,
        "operating_margin": 12.21,
        "cost_ratio": 25.28,
        "sga_ratio": 33.44
      },
      {
        "fiscal_year": "2018/06",
        "sales": 50100.0,
        "operating_profit": 13800.0,
        "ordinary_profit": 13700.0,
        "net_profit": 10000.0,
        "eps": 10600.0,
        "roe": 38.88,
        "roa": 18.74,
        "operating_margin": 13.93,
        "cost_ratio": 27.48,
        "sga_ratio": 30.46
      },
      {
        "fiscal_year": "2019/06",
        "sales": 57200.0,
        "operating_profit": 15200.0,
        "ordinary_profit": 14800.0,
        "net_profit": 11200.0,
        "eps": 11300.0,
        "roe": 43.28,
        "roa": 17.18,
        "operating_margin": 13.32,
        "cost_ratio": 26.51,
        "sga_ratio": 30.61
      },
      {
        "fiscal_year": "2020/06",
        "sales": 56500.0,
        "operating_profit": 12400.0,
        "ordinary_profit": 12300.0,
        "net_profit": 9180.0,
        "eps": 9250.0,
        "roe": 35.24,
        "roa": 12.76,
        "operating_margin": 9.79,
        "cost_ratio": 22.01,
        "sga_ratio": 32.73
      },
      {
        "fiscal_year": "2021/06",
        "sales": 61500.0,
        "operating_profit": 12800.0,
        "ordinary_profit": 13200.0,
        "net_profit": 9980.0,
        "eps": 10800.0,
        "roe": 38.24,
        "roa": 10.75,
        "operating_margin": 8.65,
        "cost_ratio": 20.8,
        "sga_ratio": 32.58
      },
      {
        "fiscal_year": "2022/06",
        "sales": 77700.0,
        "operating_profit": 15200.0,
        "ordinary_profit": 16300.0,
        "net_profit": 10900.0,
        "eps": 17300.0,
        "roe": 40.0,
        "roa": 9.09,
        "operating_margin": 7.0,
        "cost_ratio": 19.6,
        "sga_ratio": 34.3
      },
      {
        "fiscal_year": "2023/06",
        "sales": 90100.0,
        "operating_profit": 18000.0,
        "ordinary_profit": 17600.0,
        "net_profit": 13100.0,
        "eps": 16300.0,
        "roe": 48.25,
        "roa": 9.91,
        "operating_margin": 7.59,
        "cost_ratio": 20.01,
        "sga_ratio": 34.7
      },
      {
        "fiscal_year": "2024/06",
        "sales": 107500.0,
        "operating_profit": 22100.0,
        "ordinary_profit": 22000.0,
        "net_profit": 15800.0,
        "eps": 22900.0,
        "roe": 58.2,
        "roa": 10.45,
        "operating_margin": 8.25,
        "cost_ratio": 20.58,
        "sga_ratio": 35.79
      },
      {
        "fiscal_year": "2025/06",
        "sales": 116700.0,
        "operating_profit": 25200.0,
        "ordinary_profit": 25500.0,
        "net_profit": 18800.0,
        "roe": 69.22,
        "roa": 12.69,
        "operating_margin": 10.49,
        "cost_ratio": 21.6
      }
    ],
    "dividend_data": [
      {
        "fiscal_year": "2010/03",
        "total_dividend": 1.56,
        "dividend_yield": 1.53
      },
      {
        "fiscal_year": "2011/03",
        "total_dividend": 2.13,
        "dividend_yield": 1.86
      },
      {
        "fiscal_year": "2012/03",
        "total_dividend": 1.25,
        "dividend_yield": 0.95
      },
      {
        "fiscal_year": "2013/03",
        "total_dividend": 2.95,
        "dividend_yield": 0.97
      }
    ]
  },
  {
    "code": "7749",
    "name": "メディキット",
    "annual_data": [
      {
        "date": "2010/03/31",
        "per": 11.95,
        "pbr": 0.76,
        "is_per_red": false,
        "is_pbr_red": false
      },
      {
        "date": "2011/03/31",
        "per": 11.16,
        "pbr": 0.8,
        "is_per_red": false,
        "is_pbr_red": false
      },
      {
        "date": "2012/03/30",
        "per": 13.0,
        "pbr": 0.86,
        "is_per_red": false,
        "is_pbr_red": false
      },
      {
        "date": "2013/03/29",
        "per": 16.55,
        "pbr": 0.94,
        "is_per_red": false,
        "is_pbr_red": false
      },
      {
        "date": "2014/03/31",
        "per": 14.66,
        "pbr": 0.84,
        "is_per_red": false,
        "is_pbr_red": false
      },
      {
        "date": "2015/03/31",
        "per": 15.59,
        "pbr": 0.96,
        "is_per_red": false,
        "is_pbr_red": false
      },
      {
        "date": "2016/03/31",
        "per": 13.26,
        "pbr": 0.89,
        "is_per_red": false,
        "is_pbr_red": false
      },
      {
        "date": "2017/03/31",
        "per": 17.21,
        "pbr": 1.09,
        "is_per_red": false,
        "is_pbr_red": false
      },
      {
        "date": "2018/03/30",
        "per": 20.53,
        "pbr": 1.33,
        "is_per_red": false,
        "is_pbr_red": false
      },
      {
        "date": "2019/03/29",
        "per": 18.1,
        "pbr": 1.16,
        "is_per_red": false,
        "is_pbr_red": false
      },
      {
        "date": "2020/03/31",
        "per": 17.94,
        "pbr": 1.23,
        "is_per_red": false,
        "is_pbr_red": false
      },
      {
        "date": "2021/03/31",
        "per": 20.72,
        "pbr": 1.26,
        "is_per_red": false,
        "is_pbr_red": false
      },
      {
        "date": "2022/03/31",
        "per": 13.07,
        "pbr": 0.85,
        "is_per_red": false,
        "is_pbr_red": false
      },
      {
        "date": "2023/03/31",
        "per": 14.31,
        "pbr": 0.87,
        "is_per_red": false,
        "is_pbr_red": false
      },
      {
        "date": "2024/03/29",
        "per": 15.96,
        "pbr": 1.01,
        "is_per_red": false,
        "is_pbr_red": false
      }
    ],
    "daily_data": [],
    "financial_data": [
      {
        "fiscal_year": "2008/03",
        "sales": 11900.0,
        "operating_profit": 2600.0,
        "ordinary_profit": 3000.0,
        "net_profit": 1700.0,
        "roa": 6.7,
        "operating_margin": 5.73,
        "cost_ratio": 21.82,
        "sga_ratio": 53.8
      },
      {
        "fiscal_year": "2009/03",
        "sales": 12300.0,
        "operating_profit": 2650.0,
        "ordinary_profit": 2750.0,
        "net_profit": 1610.0000000000002,
        "roa": 6.08,
        "operating_margin": 5.22,
        "cost_ratio": 21.51,
        "sga_ratio": 54.48
      },
      {
        "fiscal_year": "2010/03",
        "sales": 13000.0,
        "operating_profit": 2990.0,
        "ordinary_profit": 3100.0,
        "net_profit": 1760.0000000000002,
        "roe": 93.16,
        "roa": 6.34,
        "operating_margin": 5.44,
        "cost_ratio": 23.09,
        "sga_ratio": 54.02
      },
      {
        "fiscal_year": "2011/03",
        "sales": 13800.0,
        "operating_profit": 3550.0,
        "ordinary_profit": 3629.9999999999995,
        "net_profit": 2110.0,
        "eps": 2039.9999999999998,
        "roe": 111.8,
        "roa": 7.2,
        "operating_margin": 6.19,
        "cost_ratio": 25.75,
        "sga_ratio": 52.29
      },
      {
        "fiscal_year": "2012/03",
        "sales": 14100.0,
        "operating_profit": 3670.0000000000005,
        "ordinary_profit": 3750.0,
        "net_profit": 2030.0,
        "eps": 2050.0,
        "roe": 107.67,
        "roa": 6.58,
        "operating_margin": 5.65,
        "cost_ratio": 25.96,
        "sga_ratio": 52.22
      },
      {
        "fiscal_year": "2013/03",
        "sales": 14000.0,
        "operating_profit": 3050.0,
        "ordinary_profit": 3150.0,
        "net_profit": 1830.0,
        "eps": 1860.0000000000002,
        "roe": 96.95,
        "roa": 5.68,
        "operating_margin": 4.95,
        "cost_ratio": 21.79,
        "sga_ratio": 55.36
      },
      {
        "fiscal_year": "2014/03",
        "sales": 14500.0,
        "operating_profit": 3140.0,
        "ordinary_profit": 3240.0,
        "net_profit": 1950.0,
        "eps": 1989.9999999999998,
        "roe": 104.0,
        "roa": 5.76,
        "operating_margin": 4.93,
        "cost_ratio": 21.64,
        "sga_ratio": 55.31
      },
      {
        "fiscal_year": "2015/03",
        "sales": 14900.0,
        "operating_profit": 3440.0,
        "ordinary_profit": 3479.9999999999995,
        "net_profit": 2180.0,
        "eps": 2250.0,
        "roe": 119.31,
        "roa": 6.63,
        "operating_margin": 5.74,
        "cost_ratio": 23.14,
        "sga_ratio": 56.2
      },
      {
        "fiscal_year": "2016/03",
        "sales": 15700.0,
        "operating_profit": 3600.0,
        "ordinary_profit": 3670.0000000000005,
        "net_profit": 2310.0,
        "eps": 2080.0,
        "roe": 136.09,
        "roa": 6.69,
        "operating_margin": 5.73,
        "cost_ratio": 22.92,
        "sga_ratio": 56.74
      },
      {
        "fiscal_year": "2017/03",
        "sales": 16900.0,
        "operating_profit": 3510.0,
        "ordinary_profit": 3560.0,
        "net_profit": 2300.0,
        "eps": 2460.0,
        "roe": 135.4,
        "roa": 6.31,
        "operating_margin": 5.43,
        "cost_ratio": 20.84,
        "sga_ratio": 57.61
      },
      {
        "fiscal_year": "2018/03",
        "sales": 17400.0,
        "operating_profit": 3640.0,
        "ordinary_profit": 3700.0,
        "net_profit": 2470.0,
        "eps": 2430.0,
        "roe": 145.39,
        "roa": 6.46,
        "operating_margin": 5.57,
        "cost_ratio": 20.84,
        "sga_ratio": 57.5
      },
      {
        "fiscal_year": "2019/03",
        "sales": 18500.0,
        "operating_profit": 3870.0000000000005,
        "ordinary_profit": 3960.0,
        "net_profit": 2580.0,
        "eps": 2540.0,
        "roe": 151.95,
        "roa": 6.43,
        "operating_margin": 5.57,
        "cost_ratio": 20.91,
        "sga_ratio": 58.37
      },
      {
        "fiscal_year": "2020/03",
        "sales": 19900.0,
        "operating_profit": 4330.0,
        "ordinary_profit": 4380.0,
        "net_profit": 2890.0,
        "eps": 2880.0,
        "roe": 170.33,
        "roa": 6.85,
        "operating_margin": 5.89,
        "cost_ratio": 21.76,
        "sga_ratio": 58.17
      },
      {
        "fiscal_year": "2021/03",
        "sales": 19300.0,
        "operating_profit": 3779.9999999999995,
        "ordinary_profit": 3870.0000000000005,
        "net_profit": 2660.0,
        "eps": 2760.0,
        "roe": 157.36,
        "roa": 6.09,
        "operating_margin": 5.33,
        "cost_ratio": 19.57,
        "sga_ratio": 60.69
      },
      {
        "fiscal_year": "2022/03",
        "sales": 20100.0,
        "operating_profit": 4420.0,
        "ordinary_profit": 4550.0,
        "net_profit": 2990.0,
        "eps": 3040.0,
        "roe": 178.14,
        "roa": 6.54,
        "operating_margin": 5.86,
        "cost_ratio": 21.97,
        "sga_ratio": 59.36
      },
      {
        "fiscal_year": "2023/03",
        "sales": 21600.0,
        "operating_profit": 4120.0,
        "ordinary_profit": 4180.0,
        "net_profit": 2860.0,
        "eps": 3010.0,
        "roe": 170.67,
        "roa": 6.06,
        "operating_margin": 5.39,
        "cost_ratio": 19.06,
        "sga_ratio": 61.5
      },
      {
        "fiscal_year": "2024/03",
        "sales": 21900.0,
        "operating_profit": 4680.0,
        "ordinary_profit": 4780.0,
        "net_profit": 3070.0,
        "eps": 3350.0,
        "roe": 187.95,
        "roa": 6.96,
        "operating_margin": 6.02,
        "cost_ratio": 21.41,
        "sga_ratio": 59.94
      },
      {
        "fiscal_year": "2025/03",
        "sales": 22400.0,
        "operating_profit": 4160.0,
        "ordinary_profit": 4230.0,
        "net_profit": 2750.0,
        "roe": 185.36,
        "roa": 6.15,
        "operating_margin": 5.27,
        "cost_ratio": 18.59
      }
    ],
    "dividend_data": [
      {
        "fiscal_year": "2010/03",
        "total_dividend": 500.0,
        "dividend_yield": 25.0
      },
      {
        "fiscal_year": "2011/03",
        "total_dividend": 500.0,
        "dividend_yield": 25.0
      },
      {
        "fiscal_year": "2012/03",
        "total_dividend": 550.0,
        "dividend_yield": 27.5
      },
      {
        "fiscal_year": "2013/03",
        "total_dividend": 55.0,
        "dividend_yield": 27.5
      }
    ]
  },
  {
    "code": "7760",
    "name": "ＩＭＶ",
    "annual_data": [
      {
        "date": "2010/09/30",
        "per": 5.05,
        "pbr": 0.8,
        "is_per_red": false,
        "is_pbr_red": false
      },
      {
        "date": "2011/09/30",
        "per": 11.6,
        "pbr": 0.88,
        "is_per_red": false,
        "is_pbr_red": false
      },
      {
        "date": "2012/09/28",
        "per": 9.13,
        "pbr": 1.22,
        "is_per_red": false,
        "is_pbr_red": false
      },
      {
        "date": "2013/09/30",
        "per": 14.79,
        "pbr": 2.15,
        "is_per_red": false,
        "is_pbr_red": false
      },
      {
        "date": "2014/09/30",
        "per": 13.42,
        "pbr": 2.57,
        "is_per_red": false,
        "is_pbr_red": false
      },
      {
        "date": "2015/09/30",
        "per": 8.71,
        "pbr": 1.73,
        "is_per_red": false,
        "is_pbr_red": false
      },
      {
        "date": "2016/09/30",
        "per": 7.85,
        "pbr": 0.9,
        "is_per_red": false,
        "is_pbr_red": false
      },
      {
        "date": "2017/09/29",
        "per": 12.15,
        "pbr": 1.95,
        "is_per_red": false,
        "is_pbr_red": false
      },
      {
        "date": "2018/09/28",
        "per": 11.81,
        "pbr": 1.09,
        "is_per_red": false,
        "is_pbr_red": false
      },
      {
        "date": "2019/09/30",
        "per": 15.34,
        "pbr": 0.87,
        "is_per_red": false,
        "is_pbr_red": false
      },
      {
        "date": "2020/09/30",
        "per": 15.66,
        "pbr": 0.74,
        "is_per_red": false,
        "is_pbr_red": false
      },
      {
        "date": "2021/09/30",
        "per": 9.87,
        "pbr": 1.23,
        "is_per_red": false,
        "is_pbr_red": false
      },
      {
        "date": "2022/09/30",
        "per": 6.6,
        "pbr": 0.85,
        "is_per_red": false,
        "is_pbr_red": false
      },
      {
        "date": "2023/09/29",
        "per": 7.32,
        "pbr": 0.89,
        "is_per_red": false,
        "is_pbr_red": false
      },
      {
        "date": "2024/09/30",
        "per": 7.8,
        "pbr": 1.08,
        "is_per_red": false,
        "is_pbr_red": false
      }
    ],
    "daily_data": [],
    "financial_data": [
      {
        "fiscal_year": "2008/09",
        "sales": 5720.0,
        "operating_profit": 248.0,
        "ordinary_profit": 292.0,
        "net_profit": 148.0,
        "roa": 6.4,
        "operating_margin": 2.02,
        "cost_ratio": 4.34,
        "sga_ratio": 72.79
      },
      {
        "fiscal_year": "2009/09",
        "sales": 4160.0,
        "operating_profit": -174.0,
        "ordinary_profit": -179.0,
        "net_profit": -325.0,
        "roa": -1,
        "operating_margin": -1,
        "cost_ratio": -4.17,
        "sga_ratio": 78.45
      },
      {
        "fiscal_year": "2010/09",
        "sales": 4220.0,
        "operating_profit": 417.0,
        "ordinary_profit": 405.99999999999994,
        "net_profit": 356.0,
        "roe": 21.01,
        "roa": 15.84,
        "operating_margin": 5.03,
        "cost_ratio": 9.88,
        "sga_ratio": 65.5
      },
      {
        "fiscal_year": "2011/09",
        "sales": 4690.0,
        "operating_profit": 374.0,
        "ordinary_profit": 352.0,
        "net_profit": 183.0,
        "eps": 185.0,
        "roe": 10.78,
        "roa": 7.61,
        "operating_margin": 2.81,
        "cost_ratio": 7.98,
        "sga_ratio": 65.97
      },
      {
        "fiscal_year": "2012/09",
        "sales": 5900.0,
        "operating_profit": 666.0,
        "ordinary_profit": 659.0,
        "net_profit": 360.0,
        "eps": 366.0,
        "roe": 21.26,
        "roa": 13.34,
        "operating_margin": 4.78,
        "cost_ratio": 11.29,
        "sga_ratio": 63.09
      },
      {
        "fiscal_year": "2013/09",
        "sales": 6120.0,
        "operating_profit": 647.0,
        "ordinary_profit": 726.0,
        "net_profit": 449.0,
        "eps": 466.0,
        "roe": 27.46,
        "roa": 14.55,
        "operating_margin": 5.78,
        "cost_ratio": 10.58,
        "sga_ratio": 62.88
      },
      {
        "fiscal_year": "2014/09",
        "sales": 7859.999999999999,
        "operating_profit": 1190.0,
        "ordinary_profit": 1240.0,
        "net_profit": 713.0,
        "eps": 726.0,
        "roe": 43.65,
        "roa": 19.13,
        "operating_margin": 7.63,
        "cost_ratio": 15.12,
        "sga_ratio": 60.66
      },
      {
        "fiscal_year": "2015/09",
        "sales": 9170.0,
        "operating_profit": 1380.0,
        "ordinary_profit": 1400.0,
        "net_profit": 902.9999999999999,
        "eps": 908.0,
        "roe": 55.25,
        "roa": 19.89,
        "operating_margin": 8.22,
        "cost_ratio": 15.02,
        "sga_ratio": 61.56
      },
      {
        "fiscal_year": "2016/09",
        "sales": 10400.0,
        "operating_profit": 1080.0,
        "ordinary_profit": 955.0000000000001,
        "net_profit": 583.0,
        "eps": 639.0,
        "roe": 35.68,
        "roa": 11.5,
        "operating_margin": 5.01,
        "cost_ratio": 10.41,
        "sga_ratio": 66.74
      },
      {
        "fiscal_year": "2017/09",
        "sales": 10900.0,
        "operating_profit": 1160.0,
        "ordinary_profit": 1390.0,
        "net_profit": 943.0,
        "eps": 942.0,
        "roe": 58.02,
        "roa": 16.12,
        "operating_margin": 7.19,
        "cost_ratio": 10.63,
        "sga_ratio": 66.3
      },
      {
        "fiscal_year": "2018/09",
        "sales": 11000.0,
        "operating_profit": 859.0,
        "ordinary_profit": 918.0,
        "net_profit": 578.0,
        "eps": 565.0,
        "roe": 35.65,
        "roa": 9.24,
        "operating_margin": 3.77,
        "cost_ratio": 7.77,
        "sga_ratio": 66.53
      },
      {
        "fiscal_year": "2019/09",
        "sales": 12300.0,
        "operating_profit": 730.0,
        "ordinary_profit": 652.0,
        "net_profit": 367.0,
        "eps": 227.99999999999997,
        "roe": 22.62,
        "roa": 5.64,
        "operating_margin": 2.41,
        "cost_ratio": 5.91,
        "sga_ratio": 71.19
      },
      {
        "fiscal_year": "2020/09",
        "sales": 11300.0,
        "operating_profit": 338.0,
        "ordinary_profit": 463.0,
        "net_profit": 317.0,
        "eps": 319.0,
        "roe": 19.48,
        "roa": 4.73,
        "operating_margin": 1.95,
        "cost_ratio": 2.98,
        "sga_ratio": 74.14
      },
      {
        "fiscal_year": "2021/09",
        "sales": 11600.0,
        "operating_profit": 1070.0,
        "ordinary_profit": 1310.0,
        "net_profit": 936.9999999999999,
        "eps": 985.0,
        "roe": 57.52,
        "roa": 12.47,
        "operating_margin": 5.47,
        "cost_ratio": 9.22,
        "sga_ratio": 68.76
      },
      {
        "fiscal_year": "2022/09",
        "sales": 11900.0,
        "operating_profit": 825.0,
        "ordinary_profit": 1240.0,
        "net_profit": 1070.0,
        "eps": 947.0000000000001,
        "roe": 65.42,
        "roa": 12.88,
        "operating_margin": 6.28,
        "cost_ratio": 6.94,
        "sga_ratio": 66.72
      },
      {
        "fiscal_year": "2023/09",
        "sales": 13700.0,
        "operating_profit": 1270.0,
        "ordinary_profit": 1570.0,
        "net_profit": 1130.0,
        "eps": 1130.0,
        "roe": 69.11,
        "roa": 12.18,
        "operating_margin": 6.51,
        "cost_ratio": 9.23,
        "sga_ratio": 66.41
      },
      {
        "fiscal_year": "2024/09",
        "sales": 15300.0,
        "operating_profit": 1850.0,
        "ordinary_profit": 1850.0,
        "net_profit": 1430.0,
        "eps": 1410.0,
        "roe": 88.7,
        "roa": 13.98,
        "operating_margin": 7.41,
        "cost_ratio": 12.04,
        "sga_ratio": 62.32
      },
      {
        "fiscal_year": "2025/09",
        "sales": 16500.0,
        "operating_profit": 1950.0,
        "ordinary_profit": 1950.0,
        "net_profit": 1500.0,
        "roe": 94.3,
        "roa": 14.68,
        "operating_margin": 7.78,
        "cost_ratio": 11.82
      }
    ],
    "dividend_data": [
      {
        "fiscal_year": "2010/03",
        "total_dividend": 1.89
      },
      {
        "fiscal_year": "2011/03",
        "total_dividend": 3.2
      },
      {
        "fiscal_year": "2012/03",
        "total_dividend": 2.58
      },
      {
        "fiscal_year": "2013/03",
        "total_dividend": 1.23
      }
    ]
  },
  {
    "code": "7762",
    "name": "シチズン時計",
    "annual_data": [
      {
        "date": "2010/03/31",
        "per": 63.46,
        "pbr": 1.23,
        "is_per_red": false,
        "is_pbr_red": false
      },
      {
        "date": "2011/03/31",
        "per": 32.76,
        "pbr": 0.92,
        "is_per_red": false,
        "is_pbr_red": false
      },
      {
        "date": "2012/03/30",
        "per": 23.85,
        "pbr": 0.98,
        "is_per_red": false,
        "is_pbr_red": false
      },
      {
        "date": "2013/03/29",
        "per": -1,
        "pbr": 0.86,
        "is_per_red": true,
        "is_pbr_red": false
      },
      {
        "date": "2014/03/31",
        "per": 14.44,
        "pbr": 1.18,
        "is_per_red": false,
        "is_pbr_red": false
      },
      {
        "date": "2015/03/31",
        "per": 17.0,
        "pbr": 1.25,
        "is_per_red": false,
        "is_pbr_red": false
      },
      {
        "date": "2016/03/31",
        "per": 15.44,
        "pbr": 0.89,
        "is_per_red": false,
        "is_pbr_red": false
      },
      {
        "date": "2017/03/31",
        "per": 13.71,
        "pbr": 0.95,
        "is_per_red": false,
        "is_pbr_red": false
      },
      {
        "date": "2018/03/30",
        "per": 12.6,
        "pbr": 0.96,
        "is_per_red": false,
        "is_pbr_red": false
      },
      {
        "date": "2019/03/29",
        "per": 14.69,
        "pbr": 0.76,
        "is_per_red": false,
        "is_pbr_red": false
      },
      {
        "date": "2020/03/31",
        "per": -1,
        "pbr": 0.54,
        "is_per_red": true,
        "is_pbr_red": false
      },
      {
        "date": "2021/03/31",
        "per": -1,
        "pbr": 0.58,
        "is_per_red": true,
        "is_pbr_red": false
      },
      {
        "date": "2022/03/31",
        "per": 7.3,
        "pbr": 0.68,
        "is_per_red": false,
        "is_pbr_red": false
      },
      {
        "date": "2023/03/31",
        "per": 10.34,
        "pbr": 0.9,
        "is_per_red": false,
        "is_pbr_red": false
      },
      {
        "date": "2024/03/29",
        "per": 10.59,
        "pbr": 0.79,
        "is_per_red": false,
        "is_pbr_red": false
      }
    ],
    "daily_data": [],
    "financial_data": [
      {
        "fiscal_year": "2008/03",
        "sales": 336700.0,
        "operating_profit": 24300.0,
        "ordinary_profit": 24700.0,
        "net_profit": 12200.0,
        "roa": 5.03,
        "operating_margin": 3.14,
        "cost_ratio": 7.21,
        "sga_ratio": 67.24
      },
      {
        "fiscal_year": "2009/03",
        "sales": 296900.0,
        "operating_profit": 1400.0,
        "ordinary_profit": 748.0,
        "net_profit": -25800.0,
        "roa": -1,
        "operating_margin": -1,
        "cost_ratio": 0.47,
        "sga_ratio": 69.06
      },
      {
        "fiscal_year": "2010/03",
        "sales": 252500.0,
        "operating_profit": 7230.0,
        "ordinary_profit": 7980.0,
        "net_profit": 3529.9999999999995,
        "roe": 10.07,
        "roa": 1.93,
        "operating_margin": 1.0,
        "cost_ratio": 2.86,
        "sga_ratio": 67.31
      },
      {
        "fiscal_year": "2011/03",
        "sales": 285000.0,
        "operating_profit": 16700.0,
        "ordinary_profit": 14800.0,
        "net_profit": 5120.0,
        "eps": -159.0,
        "roe": 14.62,
        "roa": 2.8,
        "operating_margin": 1.55,
        "cost_ratio": 5.86,
        "sga_ratio": 66.18
      },
      {
        "fiscal_year": "2012/03",
        "sales": 279800.0,
        "operating_profit": 16500.0,
        "ordinary_profit": 16700.0,
        "net_profit": 7700.0,
        "eps": 6709.999999999999,
        "roe": 21.97,
        "roa": 4.11,
        "operating_margin": 2.28,
        "cost_ratio": 5.91,
        "sga_ratio": 64.68
      },
      {
        "fiscal_year": "2013/03",
        "sales": 272100.0,
        "operating_profit": 11500.0,
        "ordinary_profit": 13800.0,
        "net_profit": -8860.0,
        "eps": 4340.0,
        "roe": -26.8,
        "roa": -1,
        "operating_margin": -1,
        "cost_ratio": 4.25,
        "sga_ratio": 64.91
      },
      {
        "fiscal_year": "2014/03",
        "sales": 310000.0,
        "operating_profit": 23700.0,
        "ordinary_profit": 25300.0,
        "net_profit": 17400.0,
        "eps": 28400.0,
        "roe": 53.81,
        "roa": 8.14,
        "operating_margin": 4.54,
        "cost_ratio": 7.65,
        "sga_ratio": 61.49
      },
      {
        "fiscal_year": "2015/03",
        "sales": 328500.0,
        "operating_profit": 27900.0,
        "ordinary_profit": 31400.0,
        "net_profit": 17600.0,
        "eps": 32900.0,
        "roe": 54.24,
        "roa": 7.37,
        "operating_margin": 4.17,
        "cost_ratio": 8.49,
        "sga_ratio": 60.46
      },
      {
        "fiscal_year": "2016/03",
        "sales": 348300.0,
        "operating_profit": 30500.0,
        "ordinary_profit": 30600.0,
        "net_profit": 13200.0,
        "eps": -21.0,
        "roe": 41.32,
        "roa": 5.8,
        "operating_margin": 3.25,
        "cost_ratio": 8.75,
        "sga_ratio": 61.31
      },
      {
        "fiscal_year": "2017/03",
        "sales": 312600.0,
        "operating_profit": 21500.0,
        "ordinary_profit": 22000.0,
        "net_profit": 16600.0,
        "eps": 17500.0,
        "roe": 52.07,
        "roa": 6.92,
        "operating_margin": 4.19,
        "cost_ratio": 6.88,
        "sga_ratio": 61.53
      },
      {
        "fiscal_year": "2018/03",
        "sales": 320000.0,
        "operating_profit": 24900.0,
        "ordinary_profit": 26700.0,
        "net_profit": 19300.0,
        "eps": 20300.0,
        "roe": 60.65,
        "roa": 7.6,
        "operating_margin": 4.71,
        "cost_ratio": 7.79,
        "sga_ratio": 61.13
      },
      {
        "fiscal_year": "2019/03",
        "sales": 321700.0,
        "operating_profit": 22400.0,
        "ordinary_profit": 26600.0,
        "net_profit": 13400.0,
        "eps": 11500.0,
        "roe": 42.0,
        "roa": 5.19,
        "operating_margin": 3.23,
        "cost_ratio": 6.97,
        "sga_ratio": 61.59
      },
      {
        "fiscal_year": "2020/03",
        "sales": 278500.0,
        "operating_profit": 6140.0,
        "ordinary_profit": 7530.0,
        "net_profit": -16700.0,
        "eps": -26500.0,
        "roe": -53.07,
        "roa": -1,
        "operating_margin": -1,
        "cost_ratio": 2.2,
        "sga_ratio": 63.7
      },
      {
        "fiscal_year": "2021/03",
        "sales": 206600.0,
        "operating_profit": -9550.0,
        "ordinary_profit": -4140.0,
        "net_profit": -25200.0,
        "eps": -16600.0,
        "roe": -80.52,
        "roa": -1,
        "operating_margin": -1,
        "cost_ratio": -4.62,
        "sga_ratio": 68.11
      },
      {
        "fiscal_year": "2022/03",
        "sales": 281400.0,
        "operating_profit": 22300.0,
        "ordinary_profit": 27300.0,
        "net_profit": 22100.0,
        "eps": 37600.0,
        "roe": 71.38,
        "roa": 9.66,
        "operating_margin": 5.61,
        "cost_ratio": 7.91,
        "sga_ratio": 62.04
      },
      {
        "fiscal_year": "2023/03",
        "sales": 301400.0,
        "operating_profit": 23700.0,
        "ordinary_profit": 29100.0,
        "net_profit": 21800.0,
        "eps": 31900.0,
        "roe": 75.25,
        "roa": 9.74,
        "operating_margin": 5.6,
        "cost_ratio": 7.87,
        "sga_ratio": 59.46
      },
      {
        "fiscal_year": "2024/03",
        "sales": 312800.0,
        "operating_profit": 25100.0,
        "ordinary_profit": 30800.0,
        "net_profit": 23000.0,
        "eps": 45700.0,
        "roe": 93.6,
        "roa": 9.27,
        "operating_margin": 5.53,
        "cost_ratio": 8.01,
        "sga_ratio": 58.0
      },
      {
        "fiscal_year": "2025/03",
        "sales": 313500.0,
        "operating_profit": 23000.0,
        "ordinary_profit": 24500.0,
        "net_profit": 22000.0,
        "roe": 90.21,
        "roa": 8.94,
        "operating_margin": 5.36,
        "cost_ratio": 7.34
      }
    ],
    "dividend_data": [
      {
        "fiscal_year": "2010/03",
        "total_dividend": 7.0,
        "dividend_yield": 1.1
      },
      {
        "fiscal_year": "2011/03",
        "total_dividend": 7.0,
        "dividend_yield": 1.46
      },
      {
        "fiscal_year": "2012/03",
        "total_dividend": 8.0,
        "dividend_yield": 1.53
      },
      {
        "fiscal_year": "2013/03",
        "total_dividend": 8.0,
        "dividend_yield": 1.62
      }
    ]
  },
  {
    "code": "7769",
    "name": "リズム",
    "annual_data": [
      {
        "date": "2010/03/31",
        "per": 21.48,
        "pbr": 0.7,
        "is_per_red": false,
        "is_pbr_red": false
      },
      {
        "date": "2011/03/31",
        "per": 28.05,
        "pbr": 0.55,
        "is_per_red": false,
        "is_pbr_red": false
      },
      {
        "date": "2012/03/30",
        "per": 18.71,
        "pbr": 0.61,
        "is_per_red": false,
        "is_pbr_red": false
      },
      {
        "date": "2013/03/29",
        "per": 14.94,
        "pbr": 0.67,
        "is_per_red": false,
        "is_pbr_red": false
      },
      {
        "date": "2014/03/31",
        "per": 18.61,
        "pbr": 0.47,
        "is_per_red": false,
        "is_pbr_red": false
      },
      {
        "date": "2015/03/31",
        "per": 17.81,
        "pbr": 0.5,
        "is_per_red": false,
        "is_pbr_red": false
      },
      {
        "date": "2016/03/31",
        "per": 14.51,
        "pbr": 0.45,
        "is_per_red": false,
        "is_pbr_red": false
      },
      {
        "date": "2017/03/31",
        "per": 17363.64,
        "pbr": 0.57,
        "is_per_red": false,
        "is_pbr_red": false
      },
      {
        "date": "2018/03/30",
        "per": 117.2,
        "pbr": 0.69,
        "is_per_red": false,
        "is_pbr_red": false
      },
      {
        "date": "2019/03/29",
        "per": -1,
        "pbr": 0.39,
        "is_per_red": true,
        "is_pbr_red": false
      },
      {
        "date": "2020/03/31",
        "per": -1,
        "pbr": 0.21,
        "is_per_red": true,
        "is_pbr_red": false
      },
      {
        "date": "2021/03/31",
        "per": -1,
        "pbr": 0.3,
        "is_per_red": true,
        "is_pbr_red": false
      },
      {
        "date": "2022/03/31",
        "per": 11.95,
        "pbr": 0.46,
        "is_per_red": false,
        "is_pbr_red": false
      },
      {
        "date": "2023/03/31",
        "per": 19.46,
        "pbr": 0.54,
        "is_per_red": false,
        "is_pbr_red": false
      },
      {
        "date": "2024/03/29",
        "per": 64.91,
        "pbr": 0.99,
        "is_per_red": false,
        "is_pbr_red": false
      }
    ],
    "daily_data": [],
    "financial_data": [
      {
        "fiscal_year": "2008/03",
        "sales": 31500.0,
        "operating_profit": 59.0,
        "ordinary_profit": 206.99999999999997,
        "net_profit": -39.0,
        "roa": -1,
        "operating_margin": -1,
        "cost_ratio": 0.19,
        "sga_ratio": 77.55
      },
      {
        "fiscal_year": "2009/03",
        "sales": 29400.0,
        "operating_profit": 112.99999999999999,
        "ordinary_profit": 328.0,
        "net_profit": -1900.0,
        "roa": -1,
        "operating_margin": -1,
        "cost_ratio": 0.38,
        "sga_ratio": 77.91
      },
      {
        "fiscal_year": "2010/03",
        "sales": 28400.0,
        "operating_profit": 1130.0,
        "ordinary_profit": 1330.0,
        "net_profit": 1010.0,
        "roe": 7.63,
        "roa": 3.26,
        "operating_margin": 2.7,
        "cost_ratio": 3.98,
        "sga_ratio": 74.99
      },
      {
        "fiscal_year": "2011/03",
        "sales": 27400.0,
        "operating_profit": 1210.0,
        "ordinary_profit": 1380.0,
        "net_profit": 589.0,
        "eps": -59.0,
        "roe": 4.46,
        "roa": 1.96,
        "operating_margin": 1.63,
        "cost_ratio": 4.42,
        "sga_ratio": 73.63
      },
      {
        "fiscal_year": "2012/03",
        "sales": 29400.0,
        "operating_profit": 1370.0,
        "ordinary_profit": 1689.9999999999998,
        "net_profit": 1010.0,
        "eps": 1200.0,
        "roe": 7.64,
        "roa": 3.24,
        "operating_margin": 2.51,
        "cost_ratio": 4.67,
        "sga_ratio": 72.68
      },
      {
        "fiscal_year": "2013/03",
        "sales": 32400.0,
        "operating_profit": 1789.9999999999998,
        "ordinary_profit": 2050.0,
        "net_profit": 1440.0,
        "eps": 2380.0,
        "roe": 10.91,
        "roa": 4.52,
        "operating_margin": 3.66,
        "cost_ratio": 5.52,
        "sga_ratio": 71.25
      },
      {
        "fiscal_year": "2014/03",
        "sales": 33900.0,
        "operating_profit": 861.0,
        "ordinary_profit": 1350.0,
        "net_profit": 851.0,
        "eps": 2750.0,
        "roe": 7.36,
        "roa": 2.5,
        "operating_margin": 1.86,
        "cost_ratio": 2.54,
        "sga_ratio": 74.81
      },
      {
        "fiscal_year": "2015/03",
        "sales": 37400.0,
        "operating_profit": 897.0000000000001,
        "ordinary_profit": 1320.0,
        "net_profit": 1060.0,
        "eps": 3529.9999999999995,
        "roe": 9.21,
        "roa": 2.91,
        "operating_margin": 2.25,
        "cost_ratio": 2.4,
        "sga_ratio": 75.87
      },
      {
        "fiscal_year": "2016/03",
        "sales": 33300.0,
        "operating_profit": 553.0,
        "ordinary_profit": 769.0,
        "net_profit": 1050.0,
        "eps": -1670.0,
        "roe": 10.41,
        "roa": 3.28,
        "operating_margin": 2.33,
        "cost_ratio": 1.66,
        "sga_ratio": 75.63
      },
      {
        "fiscal_year": "2017/03",
        "sales": 33300.0,
        "operating_profit": 851.0,
        "ordinary_profit": 956.0,
        "net_profit": 1.0,
        "eps": 19.0,
        "roe": 0.01,
        "roa": 0.0,
        "operating_margin": 0.0,
        "cost_ratio": 2.55,
        "sga_ratio": 74.95
      },
      {
        "fiscal_year": "2018/03",
        "sales": 31500.0,
        "operating_profit": 844.0,
        "ordinary_profit": 980.0000000000001,
        "net_profit": 180.0,
        "eps": -239.0,
        "roe": 20.17,
        "roa": 0.63,
        "operating_margin": 0.44,
        "cost_ratio": 2.68,
        "sga_ratio": 74.96
      },
      {
        "fiscal_year": "2019/03",
        "sales": 31000.0,
        "operating_profit": 761.0,
        "ordinary_profit": 913.0000000000001,
        "net_profit": -264.0,
        "eps": -166.0,
        "roe": -31.95,
        "roa": -1,
        "operating_margin": -1,
        "cost_ratio": 2.45,
        "sga_ratio": 76.22
      },
      {
        "fiscal_year": "2020/03",
        "sales": 29900.0,
        "operating_profit": -234.0,
        "ordinary_profit": -22.0,
        "net_profit": -1140.0,
        "eps": -1820.0,
        "roe": -137.87,
        "roa": -1,
        "operating_margin": -1,
        "cost_ratio": -0.78,
        "sga_ratio": 79.37
      },
      {
        "fiscal_year": "2021/03",
        "sales": 27300.0,
        "operating_profit": 318.0,
        "ordinary_profit": 588.0,
        "net_profit": -1260.0,
        "eps": -674.0,
        "roe": -152.79,
        "roa": -1,
        "operating_margin": -1,
        "cost_ratio": 1.16,
        "sga_ratio": 76.79
      },
      {
        "fiscal_year": "2022/03",
        "sales": 30000.0,
        "operating_profit": 892.0,
        "ordinary_profit": 1290.0,
        "net_profit": 1030.0,
        "eps": 2240.0,
        "roe": 124.84,
        "roa": 3.82,
        "operating_margin": 2.69,
        "cost_ratio": 2.97,
        "sga_ratio": 77.31
      },
      {
        "fiscal_year": "2023/03",
        "sales": 31200.0,
        "operating_profit": 886.0,
        "ordinary_profit": 1250.0,
        "net_profit": 794.0,
        "eps": 2220.0,
        "roe": 96.15,
        "roa": 2.75,
        "operating_margin": 2.0,
        "cost_ratio": 2.84,
        "sga_ratio": 78.28
      },
      {
        "fiscal_year": "2024/03",
        "sales": 32600.0,
        "operating_profit": 730.0,
        "ordinary_profit": 1260.0,
        "net_profit": 476.99999999999994,
        "eps": 2680.0,
        "roe": 57.77,
        "roa": 1.53,
        "operating_margin": 1.09,
        "cost_ratio": 2.24,
        "sga_ratio": 79.54
      },
      {
        "fiscal_year": "2025/03",
        "sales": 33000.0,
        "operating_profit": 1200.0,
        "ordinary_profit": 1600.0,
        "net_profit": 1000.0,
        "roe": 121.15,
        "roa": 3.31,
        "operating_margin": 2.22,
        "cost_ratio": 3.64
      }
    ],
    "dividend_data": [
      {
        "fiscal_year": "2010/03",
        "total_dividend": 1.22
      },
      {
        "fiscal_year": "2011/03",
        "total_dividend": 1.6
      },
      {
        "fiscal_year": "2012/03",
        "total_dividend": 1.75
      },
      {
        "fiscal_year": "2013/03",
        "total_dividend": 1.84
      }
    ]
  },
  {
    "code": "7771",
    "name": "日本精密",
    "annual_data": [
      {
        "date": "2010/03/31",
        "per": -1,
        "pbr": 0.64,
        "is_per_red": true,
        "is_pbr_red": false
      },
      {
        "date": "2011/03/31",
        "per": 3.94,
        "pbr": 0.55,
        "is_per_red": false,
        "is_pbr_red": false
      },
      {
        "date": "2012/03/30",
        "per": 6.2,
        "pbr": 1.2,
        "is_per_red": false,
        "is_pbr_red": false
      },
      {
        "date": "2013/03/29",
        "per": 13.24,
        "pbr": 0.74,
        "is_per_red": false,
        "is_pbr_red": false
      },
      {
        "date": "2014/03/31",
        "per": 13.87,
        "pbr": 0.91,
        "is_per_red": false,
        "is_pbr_red": false
      },
      {
        "date": "2015/03/31",
        "per": 21.26,
        "pbr": 1.93,
        "is_per_red": false,
        "is_pbr_red": false
      },
      {
        "date": "2016/03/31",
        "per": 130.91,
        "pbr": 2.61,
        "is_per_red": false,
        "is_pbr_red": false
      },
      {
        "date": "2017/03/31",
        "per": -1,
        "pbr": 1.58,
        "is_per_red": true,
        "is_pbr_red": false
      },
      {
        "date": "2018/03/30",
        "per": 12.64,
        "pbr": 1.15,
        "is_per_red": false,
        "is_pbr_red": false
      },
      {
        "date": "2019/03/29",
        "per": -1,
        "pbr": 0.91,
        "is_per_red": true,
        "is_pbr_red": false
      },
      {
        "date": "2020/03/31",
        "per": -1,
        "pbr": 0.77,
        "is_per_red": true,
        "is_pbr_red": false
      },
      {
        "date": "2021/03/31",
        "per": -1,
        "pbr": 1.27,
        "is_per_red": true,
        "is_pbr_red": false
      },
      {
        "date": "2022/03/31",
        "per": -1,
        "pbr": 1.2,
        "is_per_red": true,
        "is_pbr_red": false
      },
      {
        "date": "2023/03/31",
        "per": 11.42,
        "pbr": 1.59,
        "is_per_red": false,
        "is_pbr_red": false
      },
      {
        "date": "2024/03/29",
        "per": 4.28,
        "pbr": 1.14,
        "is_per_red": false,
        "is_pbr_red": false
      }
    ],
    "daily_data": [],
    "financial_data": [
      {
        "fiscal_year": "2008/03",
        "sales": 3979.9999999999995,
        "operating_profit": -177.0,
        "ordinary_profit": -190.0,
        "net_profit": -735.0,
        "roa": -1,
        "operating_margin": -1,
        "cost_ratio": -4.44,
        "sga_ratio": 74.97
      },
      {
        "fiscal_year": "2009/03",
        "sales": 5000.0,
        "operating_profit": 144.0,
        "ordinary_profit": 151.0,
        "net_profit": 43.0,
        "roa": 4.68,
        "operating_margin": 1.59,
        "cost_ratio": 2.88,
        "sga_ratio": 71.8
      },
      {
        "fiscal_year": "2010/03",
        "sales": 4190.0,
        "operating_profit": -39.0,
        "ordinary_profit": -56.0,
        "net_profit": -53.0,
        "roe": -3.43,
        "roa": -1,
        "operating_margin": -1,
        "cost_ratio": -0.93,
        "sga_ratio": 73.78
      },
      {
        "fiscal_year": "2011/03",
        "sales": 5180.0,
        "operating_profit": 207.0,
        "ordinary_profit": 157.0,
        "net_profit": 172.0,
        "eps": 178.0,
        "roe": 11.18,
        "roa": 13.91,
        "operating_margin": 6.22,
        "cost_ratio": 4.0,
        "sga_ratio": 71.95
      },
      {
        "fiscal_year": "2012/03",
        "sales": 6000.0,
        "operating_profit": 334.0,
        "ordinary_profit": 295.0,
        "net_profit": 296.0,
        "eps": 286.0,
        "roe": 19.2,
        "roa": 19.41,
        "operating_margin": 9.36,
        "cost_ratio": 5.57,
        "sga_ratio": 70.63
      },
      {
        "fiscal_year": "2013/03",
        "sales": 5590.0,
        "operating_profit": 105.0,
        "ordinary_profit": 106.0,
        "net_profit": 91.0,
        "eps": 94.0,
        "roe": 5.89,
        "roa": 5.61,
        "operating_margin": 2.54,
        "cost_ratio": 1.87,
        "sga_ratio": 71.96
      },
      {
        "fiscal_year": "2014/03",
        "sales": 7050.0,
        "operating_profit": 135.0,
        "ordinary_profit": 124.0,
        "net_profit": 114.0,
        "eps": 122.0,
        "roe": 7.5,
        "roa": 6.56,
        "operating_margin": 2.55,
        "cost_ratio": 1.91,
        "sga_ratio": 75.5
      },
      {
        "fiscal_year": "2015/03",
        "sales": 7880.0,
        "operating_profit": 96.0,
        "ordinary_profit": 221.0,
        "net_profit": 188.0,
        "eps": 210.0,
        "roe": 11.71,
        "roa": 8.33,
        "operating_margin": 3.41,
        "cost_ratio": 1.21,
        "sga_ratio": 76.45
      },
      {
        "fiscal_year": "2016/03",
        "sales": 9340.0,
        "operating_profit": 282.0,
        "ordinary_profit": 97.0,
        "net_profit": 49.0,
        "eps": 51.0,
        "roe": 2.75,
        "roa": 1.97,
        "operating_margin": 0.71,
        "cost_ratio": 3.02,
        "sga_ratio": 76.79
      },
      {
        "fiscal_year": "2017/03",
        "sales": 8070.0,
        "operating_profit": -358.0,
        "ordinary_profit": -480.0,
        "net_profit": -340.0,
        "eps": -355.0,
        "roe": -18.33,
        "roa": -1,
        "operating_margin": -1,
        "cost_ratio": -4.43,
        "sga_ratio": 83.14
      },
      {
        "fiscal_year": "2018/03",
        "sales": 7330.0,
        "operating_profit": 38.0,
        "ordinary_profit": -127.0,
        "net_profit": 228.0,
        "eps": 246.0,
        "roe": 12.26,
        "roa": 9.11,
        "operating_margin": 3.28,
        "cost_ratio": 0.51,
        "sga_ratio": 77.77
      },
      {
        "fiscal_year": "2019/03",
        "sales": 7470.0,
        "operating_profit": -88.0,
        "ordinary_profit": -122.0,
        "net_profit": -173.0,
        "eps": -193.0,
        "roe": -9.18,
        "roa": -1,
        "operating_margin": -1,
        "cost_ratio": -1.18,
        "sga_ratio": 80.19
      },
      {
        "fiscal_year": "2020/03",
        "sales": 6690.000000000001,
        "operating_profit": -201.0,
        "ordinary_profit": -423.0,
        "net_profit": -544.0,
        "eps": -548.0,
        "roe": -27.89,
        "roa": -1,
        "operating_margin": -1,
        "cost_ratio": -3.0,
        "sga_ratio": 81.55
      },
      {
        "fiscal_year": "2021/03",
        "sales": 4770.0,
        "operating_profit": -481.0,
        "ordinary_profit": -529.0,
        "net_profit": -632.0,
        "eps": -651.0,
        "roe": -29.42,
        "roa": -1,
        "operating_margin": -1,
        "cost_ratio": -10.09,
        "sga_ratio": 86.14
      },
      {
        "fiscal_year": "2022/03",
        "sales": 5740.0,
        "operating_profit": 81.0,
        "ordinary_profit": 190.0,
        "net_profit": -128.0,
        "eps": -226.0,
        "roe": -5.82,
        "roa": -1,
        "operating_margin": -1,
        "cost_ratio": 1.4,
        "sga_ratio": 78.38
      },
      {
        "fiscal_year": "2023/03",
        "sales": 6900.0,
        "operating_profit": 181.0,
        "ordinary_profit": 257.0,
        "net_profit": 176.0,
        "eps": 84.0,
        "roe": 7.97,
        "roa": 13.91,
        "operating_margin": 3.31,
        "cost_ratio": 2.63,
        "sga_ratio": 79.11
      },
      {
        "fiscal_year": "2024/03",
        "sales": 6730.0,
        "operating_profit": 252.0,
        "ordinary_profit": 449.0,
        "net_profit": 391.0,
        "eps": 209.0,
        "roe": 17.74,
        "roa": 26.58,
        "operating_margin": 6.74,
        "cost_ratio": 3.75,
        "sga_ratio": 78.76
      },
      {
        "fiscal_year": "2025/03",
        "sales": 6650.0,
        "operating_profit": 170.0,
        "ordinary_profit": 129.0,
        "net_profit": 113.0,
        "roe": 5.13,
        "roa": 7.73,
        "operating_margin": 2.06,
        "cost_ratio": 2.56
      }
    ],
    "dividend_data": [
      {
        "fiscal_year": "2013/03",
        "total_dividend": 0.0
      }
    ]
  },
  {
    "code": "7774",
    "name": "ジャパン・ティッシュエンジニアリング",
    "annual_data": [
      {
        "date": "2010/03/31",
        "per": -1,
        "pbr": 4.38,
        "is_per_red": true,
        "is_pbr_red": false
      },
      {
        "date": "2011/03/31",
        "per": -1,
        "pbr": 2.59,
        "is_per_red": true,
        "is_pbr_red": false
      },
      {
        "date": "2012/03/30",
        "per": -1,
        "pbr": 3.65,
        "is_per_red": true,
        "is_pbr_red": false
      },
      {
        "date": "2013/03/29",
        "per": -1,
        "pbr": 30.52,
        "is_per_red": true,
        "is_pbr_red": false
      },
      {
        "date": "2014/03/31",
        "per": -1,
        "pbr": 34.92,
        "is_per_red": true,
        "is_pbr_red": false
      },
      {
        "date": "2015/03/31",
        "per": -1,
        "pbr": 6.28,
        "is_per_red": true,
        "is_pbr_red": false
      },
      {
        "date": "2016/03/31",
        "per": -1,
        "pbr": 7.29,
        "is_per_red": true,
        "is_pbr_red": false
      },
      {
        "date": "2017/03/31",
        "per": 197.65,
        "pbr": 6.83,
        "is_per_red": false,
        "is_pbr_red": false
      },
      {
        "date": "2018/03/30",
        "per": 322.1,
        "pbr": 8.89,
        "is_per_red": false,
        "is_pbr_red": false
      },
      {
        "date": "2019/03/29",
        "per": -1,
        "pbr": 5.12,
        "is_per_red": true,
        "is_pbr_red": false
      },
      {
        "date": "2020/03/31",
        "per": -1,
        "pbr": 3.07,
        "is_per_red": true,
        "is_pbr_red": false
      },
      {
        "date": "2021/03/31",
        "per": -1,
        "pbr": 4.28,
        "is_per_red": true,
        "is_pbr_red": false
      },
      {
        "date": "2022/03/31",
        "per": -1,
        "pbr": 3.13,
        "is_per_red": true,
        "is_pbr_red": false
      },
      {
        "date": "2023/03/31",
        "per": -1,
        "pbr": 3.56,
        "is_per_red": true,
        "is_pbr_red": false
      },
      {
        "date": "2024/03/29",
        "per": 194.03,
        "pbr": 4.56,
        "is_per_red": false,
        "is_pbr_red": false
      }
    ],
    "daily_data": [],
    "financial_data": [
      {
        "fiscal_year": "2008/03",
        "sales": 112.00000000000001,
        "operating_profit": -1070.0,
        "ordinary_profit": -1050.0,
        "net_profit": -1090.0,
        "roe": -1,
        "roa": -1,
        "operating_margin": -959.06,
        "cost_ratio": 89.37,
        "sga_ratio": 969.69
      },
      {
        "fiscal_year": "2009/03",
        "sales": 114.99999999999999,
        "operating_profit": -1100.0,
        "ordinary_profit": -1110.0,
        "net_profit": -1130.0,
        "roe": -1,
        "roa": -1,
        "operating_margin": -961.08,
        "cost_ratio": 90.63,
        "sga_ratio": 970.45
      },
      {
        "fiscal_year": "2010/03",
        "sales": 212.0,
        "operating_profit": -1070.0,
        "ordinary_profit": -1100.0,
        "net_profit": -1100.0,
        "eps": -51.25,
        "roe": -1,
        "roa": -1,
        "operating_margin": -504.3,
        "cost_ratio": 92.31,
        "sga_ratio": 511.99
      },
      {
        "fiscal_year": "2011/03",
        "sales": 352.0,
        "operating_profit": -1150.0,
        "ordinary_profit": -1150.0,
        "net_profit": -1160.0,
        "eps": -31.64,
        "roe": -1,
        "roa": -1,
        "operating_margin": -325.82,
        "cost_ratio": 103.27,
        "sga_ratio": 322.55
      },
      {
        "fiscal_year": "2012/03",
        "sales": 474.0,
        "operating_profit": -1110.0,
        "ordinary_profit": -1090.0,
        "net_profit": -1100.0,
        "eps": -29.98,
        "roe": -1,
        "roa": -1,
        "operating_margin": -233.83,
        "cost_ratio": 85.26,
        "sga_ratio": 248.57
      },
      {
        "fiscal_year": "2013/03",
        "sales": 564.0,
        "operating_profit": -1100.0,
        "ordinary_profit": -1070.0,
        "net_profit": -1080.0,
        "eps": -29.45,
        "roe": -1,
        "roa": -1,
        "operating_margin": -195.68,
        "cost_ratio": 75.27,
        "sga_ratio": 220.41
      },
      {
        "fiscal_year": "2014/03",
        "sales": 1010.0,
        "operating_profit": -1030.0,
        "ordinary_profit": -824.0,
        "net_profit": -827.9999999999999,
        "eps": -22.54,
        "roe": -1,
        "roa": -1,
        "operating_margin": -101.72,
        "cost_ratio": 52.84,
        "sga_ratio": 148.89
      },
      {
        "fiscal_year": "2015/03",
        "sales": 1320.0,
        "operating_profit": -688.0,
        "ordinary_profit": -687.0,
        "net_profit": -691.0,
        "eps": -18.21,
        "roe": -1,
        "roa": -1,
        "operating_margin": -52.06,
        "cost_ratio": 60.08,
        "sga_ratio": 91.98
      },
      {
        "fiscal_year": "2016/03",
        "sales": 1430.0,
        "operating_profit": -723.0,
        "ordinary_profit": -678.0,
        "net_profit": -682.0,
        "eps": -16.79,
        "roe": -1,
        "roa": -1,
        "operating_margin": -50.5,
        "cost_ratio": 59.54,
        "sga_ratio": 90.96
      },
      {
        "fiscal_year": "2017/03",
        "sales": 2140.0,
        "operating_profit": 312.0,
        "ordinary_profit": 310.0,
        "net_profit": 276.0,
        "eps": 6.81,
        "roe": 3.45,
        "roa": 3.23,
        "operating_margin": 14.63,
        "cost_ratio": 42.67,
        "sga_ratio": 42.7
      },
      {
        "fiscal_year": "2018/03",
        "sales": 2270.0,
        "operating_profit": 212.0,
        "ordinary_profit": 213.0,
        "net_profit": 227.99999999999997,
        "eps": 5.61,
        "roe": 2.76,
        "roa": 2.53,
        "operating_margin": 9.31,
        "cost_ratio": 40.41,
        "sga_ratio": 50.27
      },
      {
        "fiscal_year": "2019/03",
        "sales": 2360.0,
        "operating_profit": -350.0,
        "ordinary_profit": -340.0,
        "net_profit": -333.0,
        "eps": -8.21,
        "roe": -1,
        "roa": -1,
        "operating_margin": -14.83,
        "cost_ratio": 45.51,
        "sga_ratio": 69.32
      },
      {
        "fiscal_year": "2020/03",
        "sales": 2310.0,
        "operating_profit": -235.0,
        "ordinary_profit": -229.99999999999997,
        "net_profit": -287.0,
        "eps": -7.07,
        "roe": -1,
        "roa": -1,
        "operating_margin": -10.18,
        "cost_ratio": 48.56,
        "sga_ratio": 61.62
      },
      {
        "fiscal_year": "2021/03",
        "sales": 2260.0,
        "operating_profit": -467.0,
        "ordinary_profit": -463.0,
        "net_profit": -467.0,
        "eps": -11.49,
        "roe": -1,
        "roa": -1,
        "operating_margin": -20.68,
        "cost_ratio": 48.75,
        "sga_ratio": 71.93
      },
      {
        "fiscal_year": "2022/03",
        "sales": 2100.0,
        "operating_profit": -498.00000000000006,
        "ordinary_profit": -494.00000000000006,
        "net_profit": -498.00000000000006,
        "eps": -12.26,
        "roe": -1,
        "roa": -1,
        "operating_margin": -23.68,
        "cost_ratio": 40.31,
        "sga_ratio": 83.37
      },
      {
        "fiscal_year": "2023/03",
        "sales": 2030.0,
        "operating_profit": -728.0,
        "ordinary_profit": -725.0,
        "net_profit": -729.0,
        "eps": -17.96,
        "roe": -1,
        "roa": -1,
        "operating_margin": -35.82,
        "cost_ratio": 44.08,
        "sga_ratio": 91.75
      },
      {
        "fiscal_year": "2024/03",
        "sales": 2510.0,
        "operating_profit": 145.0,
        "ordinary_profit": 147.0,
        "net_profit": 143.0,
        "eps": 3.53,
        "roe": 2.35,
        "roa": 2.05,
        "operating_margin": 5.75,
        "cost_ratio": 32.76,
        "sga_ratio": 61.5
      },
      {
        "fiscal_year": "2025/03",
        "sales": 2940.0,
        "operating_profit": 120.0,
        "ordinary_profit": 123.0,
        "net_profit": 87.0,
        "eps": 2.14,
        "roe": 1.49,
        "roa": 1.34,
        "operating_margin": 4.08
      }
    ],
    "dividend_data": [
      {
        "fiscal_year": "2013/03",
        "total_dividend": 0.0,
        "dividend_yield": 0.0
      }
    ]
  },
  {
    "code": "7775",
    "name": "大研医器",
    "annual_data": [
      {
        "date": "2010/03/31",
        "per": 14.3,
        "pbr": 1.89,
        "is_per_red": false,
        "is_pbr_red": false
      },
      {
        "date": "2011/03/31",
        "per": 12.79,
        "pbr": 1.71,
        "is_per_red": false,
        "is_pbr_red": false
      },
      {
        "date": "2012/03/30",
        "per": 18.36,
        "pbr": 1.69,
        "is_per_red": false,
        "is_pbr_red": false
      },
      {
        "date": "2013/03/29",
        "per": 27.62,
        "pbr": 4.29,
        "is_per_red": false,
        "is_pbr_red": false
      },
      {
        "date": "2014/03/31",
        "per": 29.36,
        "pbr": 4.72,
        "is_per_red": false,
        "is_pbr_red": false
      },
      {
        "date": "2015/03/31",
        "per": 35.07,
        "pbr": 6.56,
        "is_per_red": false,
        "is_pbr_red": false
      },
      {
        "date": "2016/03/31",
        "per": 23.28,
        "pbr": 4.13,
        "is_per_red": false,
        "is_pbr_red": false
      },
      {
        "date": "2017/03/31",
        "per": 19.25,
        "pbr": 3.3,
        "is_per_red": false,
        "is_pbr_red": false
      },
      {
        "date": "2018/03/30",
        "per": 22.7,
        "pbr": 3.44,
        "is_per_red": false,
        "is_pbr_red": false
      },
      {
        "date": "2019/03/29",
        "per": 19.14,
        "pbr": 2.77,
        "is_per_red": false,
        "is_pbr_red": false
      },
      {
        "date": "2020/03/31",
        "per": 21.96,
        "pbr": 3.1,
        "is_per_red": false,
        "is_pbr_red": false
      },
      {
        "date": "2021/03/31",
        "per": 25.91,
        "pbr": 2.83,
        "is_per_red": false,
        "is_pbr_red": false
      },
      {
        "date": "2022/03/31",
        "per": 17.63,
        "pbr": 2.28,
        "is_per_red": false,
        "is_pbr_red": false
      },
      {
        "date": "2023/03/31",
        "per": 19.4,
        "pbr": 2.1,
        "is_per_red": false,
        "is_pbr_red": false
      },
      {
        "date": "2024/03/29",
        "per": 16.14,
        "pbr": 2.28,
        "is_per_red": false,
        "is_pbr_red": false
      }
    ],
    "daily_data": [],
    "financial_data": [
      {
        "fiscal_year": "2008/03",
        "sales": 4610.0,
        "operating_profit": 529.0,
        "ordinary_profit": 495.0,
        "net_profit": 317.0,
        "roe": 14.93,
        "roa": 4.97,
        "operating_margin": 11.47,
        "cost_ratio": 50.69,
        "sga_ratio": 37.84
      },
      {
        "fiscal_year": "2009/03",
        "sales": 5180.0,
        "operating_profit": 707.0,
        "ordinary_profit": 636.0,
        "net_profit": 369.0,
        "roe": 11.27,
        "roa": 5.35,
        "operating_margin": 13.65,
        "cost_ratio": 51.07,
        "sga_ratio": 35.28
      },
      {
        "fiscal_year": "2010/03",
        "sales": 5740.0,
        "operating_profit": 835.0,
        "ordinary_profit": 819.0,
        "net_profit": 488.0,
        "eps": 15.31,
        "roe": 13.22,
        "roa": 6.77,
        "operating_margin": 14.56,
        "cost_ratio": 51.0,
        "sga_ratio": 34.45
      },
      {
        "fiscal_year": "2011/03",
        "sales": 6240.0,
        "operating_profit": 974.0,
        "ordinary_profit": 952.0,
        "net_profit": 555.0,
        "eps": 17.43,
        "roe": 13.38,
        "roa": 7.06,
        "operating_margin": 15.61,
        "cost_ratio": 52.39,
        "sga_ratio": 32.0
      },
      {
        "fiscal_year": "2012/03",
        "sales": 6520.0,
        "operating_profit": 1010.0,
        "ordinary_profit": 1010.0,
        "net_profit": 404.0,
        "eps": 12.69,
        "roe": 9.19,
        "roa": 5.17,
        "operating_margin": 15.57,
        "cost_ratio": 51.49,
        "sga_ratio": 32.93
      },
      {
        "fiscal_year": "2013/03",
        "sales": 7070.0,
        "operating_profit": 1260.0,
        "ordinary_profit": 1250.0,
        "net_profit": 788.0,
        "eps": 24.73,
        "roe": 15.54,
        "roa": 9.89,
        "operating_margin": 17.84,
        "cost_ratio": 50.4,
        "sga_ratio": 31.76
      },
      {
        "fiscal_year": "2014/03",
        "sales": 7640.000000000001,
        "operating_profit": 1390.0,
        "ordinary_profit": 1400.0,
        "net_profit": 881.0,
        "eps": 29.19,
        "roe": 16.03,
        "roa": 10.71,
        "operating_margin": 18.2,
        "cost_ratio": 48.61,
        "sga_ratio": 33.19
      },
      {
        "fiscal_year": "2015/03",
        "sales": 8030.0,
        "operating_profit": 1620.0,
        "ordinary_profit": 1620.0,
        "net_profit": 1100.0,
        "eps": 36.36,
        "roe": 18.82,
        "roa": 12.52,
        "operating_margin": 20.19,
        "cost_ratio": 48.06,
        "sga_ratio": 31.75
      },
      {
        "fiscal_year": "2016/03",
        "sales": 8260.0,
        "operating_profit": 1700.0,
        "ordinary_profit": 1700.0,
        "net_profit": 1150.0,
        "eps": 38.45,
        "roe": 17.72,
        "roa": 11.38,
        "operating_margin": 20.53,
        "cost_ratio": 47.75,
        "sga_ratio": 31.72
      },
      {
        "fiscal_year": "2017/03",
        "sales": 8400.0,
        "operating_profit": 1710.0000000000002,
        "ordinary_profit": 1710.0000000000002,
        "net_profit": 1250.0,
        "eps": 41.55,
        "roe": 17.13,
        "roa": 11.32,
        "operating_margin": 20.37,
        "cost_ratio": 47.52,
        "sga_ratio": 32.11
      },
      {
        "fiscal_year": "2018/03",
        "sales": 8590.0,
        "operating_profit": 1510.0,
        "ordinary_profit": 1500.0,
        "net_profit": 1010.0,
        "eps": 33.79,
        "roe": 15.13,
        "roa": 9.09,
        "operating_margin": 17.54,
        "cost_ratio": 50.78,
        "sga_ratio": 31.69
      },
      {
        "fiscal_year": "2019/03",
        "sales": 8410.0,
        "operating_profit": 1250.0,
        "ordinary_profit": 1250.0,
        "net_profit": 852.0,
        "eps": 29.05,
        "roe": 14.76,
        "roa": 7.76,
        "operating_margin": 14.86,
        "cost_ratio": 53.16,
        "sga_ratio": 31.98
      },
      {
        "fiscal_year": "2020/03",
        "sales": 8520.0,
        "operating_profit": 1190.0,
        "ordinary_profit": 1210.0,
        "net_profit": 860.0,
        "eps": 29.92,
        "roe": 14.13,
        "roa": 7.82,
        "operating_margin": 14.01,
        "cost_ratio": 56.19,
        "sga_ratio": 29.79
      },
      {
        "fiscal_year": "2021/03",
        "sales": 7859.999999999999,
        "operating_profit": 921.0000000000001,
        "ordinary_profit": 957.0,
        "net_profit": 675.0,
        "eps": 23.5,
        "roe": 10.92,
        "roa": 6.28,
        "operating_margin": 11.72,
        "cost_ratio": 57.27,
        "sga_ratio": 31.01
      },
      {
        "fiscal_year": "2022/03",
        "sales": 8540.0,
        "operating_profit": 1150.0,
        "ordinary_profit": 1150.0,
        "net_profit": 831.0,
        "eps": 28.93,
        "roe": 12.91,
        "roa": 7.61,
        "operating_margin": 13.48,
        "cost_ratio": 56.86,
        "sga_ratio": 29.66
      },
      {
        "fiscal_year": "2023/03",
        "sales": 9140.0,
        "operating_profit": 1050.0,
        "ordinary_profit": 1050.0,
        "net_profit": 712.0,
        "eps": 24.79,
        "roe": 10.83,
        "roa": 6.47,
        "operating_margin": 11.54,
        "cost_ratio": 61.36,
        "sga_ratio": 27.1
      },
      {
        "fiscal_year": "2024/03",
        "sales": 9750.0,
        "operating_profit": 1440.0,
        "ordinary_profit": 1450.0,
        "net_profit": 989.0,
        "eps": 34.41,
        "roe": 14.14,
        "roa": 8.98,
        "operating_margin": 14.8,
        "cost_ratio": 59.16,
        "sga_ratio": 26.04
      },
      {
        "fiscal_year": "2025/03",
        "sales": 10100.0,
        "operating_profit": 1500.0,
        "ordinary_profit": 1500.0,
        "net_profit": 1030.0,
        "eps": 35.85,
        "roe": 14.2,
        "roa": 9.04,
        "operating_margin": 14.85
      }
    ],
    "dividend_data": [
      {
        "fiscal_year": "2010/03",
        "total_dividend": 17.0,
        "dividend_yield": 4.25
      },
      {
        "fiscal_year": "2011/03",
        "total_dividend": 22.0,
        "dividend_yield": 5.5
      },
      {
        "fiscal_year": "2012/03",
        "total_dividend": 23.0,
        "dividend_yield": 5.75
      },
      {
        "fiscal_year": "2013/03",
        "total_dividend": 43.0,
        "dividend_yield": 10.75
      }
    ]
  },
  {
    "code": "7776",
    "name": "セルシード",
    "annual_data": [
      {
        "date": "2010/12/30",
        "per": -1,
        "pbr": 2.57,
        "is_per_red": true,
        "is_pbr_red": false
      },
      {
        "date": "2011/12/30",
        "per": -1,
        "pbr": 7.48,
        "is_per_red": true,
        "is_pbr_red": false
      },
      {
        "date": "2012/12/28",
        "per": -1,
        "pbr": 43.43,
        "is_per_red": true,
        "is_pbr_red": false
      },
      {
        "date": "2013/12/30",
        "per": -1,
        "pbr": 5.94,
        "is_per_red": true,
        "is_pbr_red": false
      },
      {
        "date": "2014/12/30",
        "per": -1,
        "pbr": 3.16,
        "is_per_red": true,
        "is_pbr_red": false
      },
      {
        "date": "2015/12/30",
        "per": -1,
        "pbr": 2.51,
        "is_per_red": true,
        "is_pbr_red": false
      },
      {
        "date": "2016/12/30",
        "per": -1,
        "pbr": 4.3,
        "is_per_red": true,
        "is_pbr_red": false
      },
      {
        "date": "2017/12/29",
        "per": -1,
        "pbr": 4.25,
        "is_per_red": true,
        "is_pbr_red": false
      },
      {
        "date": "2018/12/28",
        "per": 58.85,
        "pbr": 5.51,
        "is_per_red": false,
        "is_pbr_red": false
      },
      {
        "date": "2019/12/30",
        "per": -1,
        "pbr": 5.04,
        "is_per_red": true,
        "is_pbr_red": false
      },
      {
        "date": "2020/12/30",
        "per": -1,
        "pbr": 2.63,
        "is_per_red": true,
        "is_pbr_red": false
      },
      {
        "date": "2021/12/30",
        "per": -1,
        "pbr": 3.26,
        "is_per_red": true,
        "is_pbr_red": false
      },
      {
        "date": "2022/12/30",
        "per": -1,
        "pbr": 3.55,
        "is_per_red": true,
        "is_pbr_red": false
      },
      {
        "date": "2023/12/29",
        "per": -1,
        "pbr": 3.98,
        "is_per_red": true,
        "is_pbr_red": false
      }
    ],
    "daily_data": [],
    "financial_data": [
      {
        "fiscal_year": "2008/12",
        "sales": 62.0,
        "operating_profit": -779.0,
        "ordinary_profit": -645.0,
        "net_profit": -651.0,
        "roa": -1,
        "operating_margin": -1,
        "cost_ratio": -1260.81,
        "sga_ratio": 76.56
      },
      {
        "fiscal_year": "2009/12",
        "sales": 88.0,
        "operating_profit": -785.0,
        "ordinary_profit": -788.0,
        "net_profit": -791.0,
        "roe": -206.73,
        "roa": -1,
        "operating_margin": -1,
        "cost_ratio": -894.18,
        "sga_ratio": 60.23
      },
      {
        "fiscal_year": "2010/12",
        "sales": 67.0,
        "operating_profit": -1200.0,
        "ordinary_profit": -1000.0,
        "net_profit": -1010.0,
        "roe": -189.62,
        "roa": -1,
        "operating_margin": -1,
        "cost_ratio": -1798.71,
        "sga_ratio": 70.14
      },
      {
        "fiscal_year": "2011/12",
        "sales": 86.0,
        "operating_profit": -1420.0,
        "ordinary_profit": -1360.0,
        "net_profit": -1440.0,
        "eps": -1480.0,
        "roe": -264.8,
        "roa": -1,
        "operating_margin": -1,
        "cost_ratio": -1647.59,
        "sga_ratio": 66.68
      },
      {
        "fiscal_year": "2012/12",
        "sales": 75.0,
        "operating_profit": -846.0000000000001,
        "ordinary_profit": -842.0,
        "net_profit": -913.0000000000001,
        "eps": -871.0000000000001,
        "roe": -152.0,
        "roa": -1,
        "operating_margin": -1,
        "cost_ratio": -1126.03,
        "sga_ratio": 54.63
      },
      {
        "fiscal_year": "2013/12",
        "sales": 106.0,
        "operating_profit": -534.0,
        "ordinary_profit": -582.0,
        "net_profit": -585.0,
        "eps": -490.00000000000006,
        "roe": -81.75,
        "roa": -1,
        "operating_margin": -1,
        "cost_ratio": -505.3,
        "sga_ratio": 50.51
      },
      {
        "fiscal_year": "2014/12",
        "sales": 86.0,
        "operating_profit": -602.0,
        "ordinary_profit": -577.0,
        "net_profit": -583.0,
        "eps": -578.0,
        "roe": -67.49,
        "roa": -1,
        "operating_margin": -1,
        "cost_ratio": -697.31,
        "sga_ratio": 56.7
      },
      {
        "fiscal_year": "2015/12",
        "sales": 193.0,
        "operating_profit": -568.0,
        "ordinary_profit": -532.0,
        "net_profit": -535.0,
        "eps": -588.0,
        "roe": -61.56,
        "roa": -1,
        "operating_margin": -1,
        "cost_ratio": -294.15,
        "sga_ratio": 22.38
      },
      {
        "fiscal_year": "2016/12",
        "sales": 101.0,
        "operating_profit": -1410.0,
        "ordinary_profit": -1420.0,
        "net_profit": -1410.0,
        "eps": -1460.0,
        "roe": -154.94,
        "roa": -1,
        "operating_margin": -1,
        "cost_ratio": -1404.42,
        "sga_ratio": 19.72
      },
      {
        "fiscal_year": "2017/12",
        "sales": 85.0,
        "operating_profit": -957.0,
        "ordinary_profit": -964.0,
        "net_profit": -966.0,
        "eps": -960.0,
        "roe": -93.29,
        "roa": -1,
        "operating_margin": -1,
        "cost_ratio": -1124.85,
        "sga_ratio": 40.02
      },
      {
        "fiscal_year": "2018/12",
        "sales": 1030.0,
        "operating_profit": 140.0,
        "ordinary_profit": 141.0,
        "net_profit": 130.0,
        "eps": 120.0,
        "roe": 11.35,
        "roa": 9.34,
        "operating_margin": 8.18,
        "cost_ratio": 13.65,
        "sga_ratio": 3.08
      },
      {
        "fiscal_year": "2019/12",
        "sales": 276.0,
        "operating_profit": -781.0,
        "ordinary_profit": -786.0,
        "net_profit": -782.0,
        "eps": -786.0,
        "roe": -66.6,
        "roa": -1,
        "operating_margin": -1,
        "cost_ratio": -283.08,
        "sga_ratio": 21.46
      },
      {
        "fiscal_year": "2020/12",
        "sales": 199.0,
        "operating_profit": -720.0,
        "ordinary_profit": -745.0,
        "net_profit": -784.0,
        "eps": -777.0,
        "roe": -55.31,
        "roa": -1,
        "operating_margin": -1,
        "cost_ratio": -360.72,
        "sga_ratio": 30.72
      },
      {
        "fiscal_year": "2021/12",
        "sales": 162.0,
        "operating_profit": -865.0,
        "ordinary_profit": -886.9999999999999,
        "net_profit": -915.0,
        "eps": -901.0,
        "roe": -53.18,
        "roa": -1,
        "operating_margin": -1,
        "cost_ratio": -534.83,
        "sga_ratio": 48.02
      },
      {
        "fiscal_year": "2022/12",
        "sales": 126.0,
        "operating_profit": -743.0,
        "ordinary_profit": -754.0,
        "net_profit": -760.0,
        "roe": -36.31,
        "roa": -1,
        "operating_margin": -1,
        "cost_ratio": -587.86,
        "sga_ratio": 51.74
      },
      {
        "fiscal_year": "2023/12",
        "sales": 190.0,
        "operating_profit": -698.0,
        "ordinary_profit": -710.0,
        "net_profit": -847.0000000000001,
        "roe": -29.43,
        "roa": -1,
        "operating_margin": -1,
        "cost_ratio": -366.99,
        "sga_ratio": 43.64
      },
      {
        "fiscal_year": "2024/12",
        "sales": 170.0,
        "operating_profit": -919.9999999999999,
        "ordinary_profit": -919.9999999999999,
        "net_profit": -940.0,
        "roe": -27.12,
        "roa": -1,
        "operating_margin": -1,
        "cost_ratio": -541.18
      }
    ],
    "dividend_data": [
      {
        "fiscal_year": "2012/03",
        "total_dividend": 0.0
      }
    ]
  },
  {
    "code": "7777",
    "name": "スリー・ディー・マトリックス",
    "annual_data": [
      {
        "date": "2012/04/27",
        "per": 52.94,
        "pbr": 5.69,
        "is_per_red": false,
        "is_pbr_red": false
      },
      {
        "date": "2013/04/30",
        "per": -1,
        "pbr": 41.84,
        "is_per_red": true,
        "is_pbr_red": false
      },
      {
        "date": "2014/04/30",
        "per": -1,
        "pbr": 24.97,
        "is_per_red": true,
        "is_pbr_red": false
      },
      {
        "date": "2015/04/30",
        "per": -1,
        "pbr": 5.33,
        "is_per_red": true,
        "is_pbr_red": false
      },
      {
        "date": "2016/04/28",
        "per": -1,
        "pbr": 6.16,
        "is_per_red": true,
        "is_pbr_red": false
      },
      {
        "date": "2017/04/28",
        "per": -1,
        "pbr": 6.71,
        "is_per_red": true,
        "is_pbr_red": false
      },
      {
        "date": "2018/04/27",
        "per": -1,
        "pbr": 9.42,
        "is_per_red": true,
        "is_pbr_red": false
      },
      {
        "date": "2019/04/26",
        "per": -1,
        "pbr": 16.73,
        "is_per_red": true,
        "is_pbr_red": false
      },
      {
        "date": "2020/04/30",
        "per": -1,
        "pbr": 208.89,
        "is_per_red": true,
        "is_pbr_red": false
      },
      {
        "date": "2021/04/30",
        "per": -1,
        "pbr": 9.5,
        "is_per_red": true,
        "is_pbr_red": false
      },
      {
        "date": "2022/04/28",
        "per": -1,
        "pbr": 19.39,
        "is_per_red": true,
        "is_pbr_red": false
      },
      {
        "date": "2023/04/28",
        "per": -1,
        "pbr": 682.61,
        "is_per_red": true,
        "is_pbr_red": false
      },
      {
        "date": "2024/04/30",
        "per": -1,
        "pbr": -1,
        "is_per_red": true,
        "is_pbr_red": true
      }
    ],
    "daily_data": [],
    "financial_data": [],
    "dividend_data": [
      {
        "fiscal_year": "2013/03",
        "total_dividend": 0.0,
        "dividend_yield": 0.0
      }
    ]
  },
  {
    "code": "7779",
    "name": "ＣＹＢＥＲＤＹＮＥ",
    "annual_data": [
      {
        "date": "2014/03/31",
        "per": -1,
        "pbr": 23.35,
        "is_per_red": true,
        "is_pbr_red": false
      },
      {
        "date": "2015/03/31",
        "per": -1,
        "pbr": 11.7,
        "is_per_red": true,
        "is_pbr_red": false
      },
      {
        "date": "2016/03/31",
        "per": -1,
        "pbr": 16.1,
        "is_per_red": true,
        "is_pbr_red": false
      },
      {
        "date": "2017/03/31",
        "per": -1,
        "pbr": 7.35,
        "is_per_red": true,
        "is_pbr_red": false
      },
      {
        "date": "2018/03/30",
        "per": -1,
        "pbr": 7.09,
        "is_per_red": true,
        "is_pbr_red": false
      },
      {
        "date": "2019/03/29",
        "per": -1,
        "pbr": 3.33,
        "is_per_red": true,
        "is_pbr_red": false
      },
      {
        "date": "2020/03/31",
        "per": -1,
        "pbr": 1.94,
        "is_per_red": true,
        "is_pbr_red": false
      },
      {
        "date": "2021/03/31",
        "per": -1,
        "pbr": 3.14,
        "is_per_red": true,
        "is_pbr_red": false
      },
      {
        "date": "2022/03/31",
        "per": -1,
        "pbr": 1.8,
        "is_per_red": true,
        "is_pbr_red": false
      },
      {
        "date": "2023/03/31",
        "per": -1,
        "pbr": 1.42,
        "is_per_red": true,
        "is_pbr_red": false
      },
      {
        "date": "2024/03/29",
        "per": -1,
        "pbr": 1.1,
        "is_per_red": true,
        "is_pbr_red": false
      }
    ],
    "daily_data": [],
    "financial_data": [
      {
        "fiscal_year": "2010/03",
        "sales": 107.0,
        "ordinary_profit": -766.0,
        "net_profit": -788.0,
        "roe": -15.36,
        "operating_margin": -1
      },
      {
        "fiscal_year": "2011/03",
        "sales": 290.0,
        "ordinary_profit": -680.0,
        "net_profit": -623.0,
        "roe": -12.14,
        "roa": -1,
        "operating_margin": -1
      },
      {
        "fiscal_year": "2012/03",
        "sales": 341.0,
        "operating_profit": -865.0,
        "ordinary_profit": -588.0,
        "net_profit": -590.0,
        "roe": -7.82,
        "roa": -1,
        "operating_margin": -1,
        "cost_ratio": -253.51,
        "sga_ratio": 42.53
      },
      {
        "fiscal_year": "2013/03",
        "sales": 286.0,
        "operating_profit": -856.0,
        "ordinary_profit": -566.0,
        "net_profit": -573.0,
        "roe": -7.6,
        "roa": -1,
        "operating_margin": -1,
        "cost_ratio": -298.75,
        "sga_ratio": 38.81
      },
      {
        "fiscal_year": "2014/03",
        "sales": 455.99999999999994,
        "operating_profit": -1150.0,
        "ordinary_profit": -683.0,
        "net_profit": -688.0,
        "eps": -687.0,
        "roe": -3.95,
        "roa": -1,
        "operating_margin": -1,
        "cost_ratio": -253.12,
        "sga_ratio": 53.94
      },
      {
        "fiscal_year": "2015/03",
        "sales": 631.0,
        "operating_profit": -1770.0,
        "ordinary_profit": -908.0,
        "net_profit": -916.0,
        "eps": -916.0,
        "roe": -4.74,
        "roa": -1,
        "operating_margin": -1,
        "cost_ratio": -279.89,
        "sga_ratio": 57.02
      },
      {
        "fiscal_year": "2016/03",
        "sales": 1270.0,
        "operating_profit": -1290.0,
        "ordinary_profit": -710.0,
        "net_profit": -718.0,
        "eps": -719.0,
        "roe": -3.53,
        "roa": -1,
        "operating_margin": -1,
        "cost_ratio": -102.14,
        "sga_ratio": 31.71
      },
      {
        "fiscal_year": "2017/03",
        "sales": 1660.0000000000002,
        "operating_profit": -697.0,
        "ordinary_profit": -783.0,
        "net_profit": -676.0,
        "eps": -256.0,
        "roe": -3.16,
        "roa": -1,
        "operating_margin": -1,
        "cost_ratio": -41.99
      },
      {
        "fiscal_year": "2018/03",
        "sales": 1730.0,
        "operating_profit": -659.0,
        "ordinary_profit": -689.0,
        "net_profit": -673.0,
        "eps": -1080.0,
        "roe": -3.13,
        "roa": -1,
        "operating_margin": -1,
        "cost_ratio": -38.14
      },
      {
        "fiscal_year": "2019/03",
        "sales": 1710.0000000000002,
        "operating_profit": -830.0000000000001,
        "net_profit": -632.0,
        "eps": -1480.0,
        "roe": -2.94,
        "roa": -1,
        "operating_margin": -1,
        "cost_ratio": -48.57
      },
      {
        "fiscal_year": "2020/03",
        "sales": 1789.9999999999998,
        "operating_profit": -1040.0,
        "net_profit": -152.0,
        "eps": 42.0,
        "roe": -0.71,
        "roa": -1,
        "operating_margin": -1,
        "cost_ratio": -57.98
      },
      {
        "fiscal_year": "2021/03",
        "sales": 1880.0,
        "operating_profit": -700.0,
        "net_profit": -59.0,
        "eps": -479.0,
        "roe": -0.27,
        "roa": -1,
        "operating_margin": -1,
        "cost_ratio": -37.33
      },
      {
        "fiscal_year": "2022/03",
        "sales": 2150.0,
        "operating_profit": -877.9999999999999,
        "net_profit": -498.00000000000006,
        "eps": -371.0,
        "roe": -2.31,
        "roa": -1,
        "operating_margin": -1,
        "cost_ratio": -40.84
      },
      {
        "fiscal_year": "2023/03",
        "sales": 3290.0,
        "operating_profit": -1150.0,
        "net_profit": -298.0,
        "eps": -223.0,
        "roe": -1.39,
        "roa": -1,
        "operating_margin": -1,
        "cost_ratio": -34.81
      },
      {
        "fiscal_year": "2024/03",
        "sales": 4350.0,
        "operating_profit": -2020.0,
        "net_profit": -1480.0,
        "eps": -1280.0,
        "roe": -6.99,
        "roa": -1,
        "operating_margin": -1,
        "cost_ratio": -46.35
      }
    ],
    "dividend_data": [
      {
        "fiscal_year": "2013/03",
        "total_dividend": 0.0
      },
      {
        "fiscal_year": "2014/03",
        "dividend_yield": 0.0
      },
      {
        "fiscal_year": "2018/03",
        "total_dividend": 0.0,
        "dividend_yield": 0.0
      },
      {
        "fiscal_year": "2019/03",
        "total_dividend": 0.0,
        "dividend_yield": 0.0
      },
      {
        "fiscal_year": "2020/03",
        "total_dividend": 0.0,
        "dividend_yield": 0.0
      },
      {
        "fiscal_year": "2021/03",
        "total_dividend": 0.0,
        "dividend_yield": 0.0
      },
      {
        "fiscal_year": "2022/03",
        "total_dividend": 0.0,
        "dividend_yield": 0.0
      },
      {
        "fiscal_year": "2023/03",
        "total_dividend": 0.0,
        "dividend_yield": 0.0
      },
      {
        "fiscal_year": "2024/03",
        "total_dividend": 0.0,
        "dividend_yield": 0.0
      }
    ]
  },
  {
    "code": "7780",
    "name": "メニコン",
    "annual_data": [
      {
        "date": "2016/03/31",
        "per": 30.24,
        "pbr": 1.8,
        "is_per_red": false,
        "is_pbr_red": false
      },
      {
        "date": "2017/03/31",
        "per": 23.78,
        "pbr": 1.59,
        "is_per_red": false,
        "is_pbr_red": false
      },
      {
        "date": "2018/03/30",
        "per": 34.95,
        "pbr": 2.32,
        "is_per_red": false,
        "is_pbr_red": false
      },
      {
        "date": "2019/03/29",
        "per": 31.46,
        "pbr": 2.65,
        "is_per_red": false,
        "is_pbr_red": false
      },
      {
        "date": "2020/03/31",
        "per": 43.0,
        "pbr": 3.41,
        "is_per_red": false,
        "is_pbr_red": false
      },
      {
        "date": "2021/03/31",
        "per": 41.42,
        "pbr": 4.17,
        "is_per_red": false,
        "is_pbr_red": false
      },
      {
        "date": "2022/03/31",
        "per": 34.27,
        "pbr": 3.42,
        "is_per_red": false,
        "is_pbr_red": false
      },
      {
        "date": "2023/03/31",
        "per": 28.87,
        "pbr": 2.94,
        "is_per_red": false,
        "is_pbr_red": false
      },
      {
        "date": "2024/03/29",
        "per": 26.56,
        "pbr": 1.52,
        "is_per_red": false,
        "is_pbr_red": false
      }
    ],
    "daily_data": [],
    "financial_data": [
      {
        "fiscal_year": "2010/03",
        "sales": 35100.0,
        "ordinary_profit": 1150.0,
        "net_profit": 1080.0,
        "roe": 16.52,
        "operating_margin": 2.55
      },
      {
        "fiscal_year": "2011/03",
        "sales": 37900.0,
        "ordinary_profit": 2890.0,
        "net_profit": 2670.0,
        "roe": 40.79,
        "operating_margin": 5.68
      },
      {
        "fiscal_year": "2012/03",
        "sales": 37900.0,
        "ordinary_profit": 2740.0,
        "net_profit": 1410.0,
        "roe": 21.5
      },
      {
        "fiscal_year": "2013/03",
        "sales": 57900.0,
        "operating_profit": 2550.0,
        "ordinary_profit": 2890.0,
        "net_profit": 926.0,
        "eps": 1280.0,
        "roe": 14.16,
        "roa": 2.91,
        "operating_margin": 1.46,
        "cost_ratio": 4.4,
        "sga_ratio": 42.65
      },
      {
        "fiscal_year": "2014/03",
        "sales": 62200.0,
        "operating_profit": 2290.0,
        "ordinary_profit": 2550.0,
        "net_profit": 1010.0,
        "eps": 1670.0,
        "roe": 15.45,
        "roa": 3.06,
        "operating_margin": 1.5,
        "cost_ratio": 3.69,
        "sga_ratio": 43.17
      },
      {
        "fiscal_year": "2015/03",
        "sales": 63100.0,
        "operating_profit": 2860.0,
        "ordinary_profit": 2820.0,
        "net_profit": 1430.0,
        "eps": 1210.0,
        "roe": 21.89,
        "roa": 4.23,
        "operating_margin": 2.12,
        "cost_ratio": 4.54,
        "sga_ratio": 44.47
      },
      {
        "fiscal_year": "2016/03",
        "sales": 67300.0,
        "operating_profit": 3460.0,
        "ordinary_profit": 3240.0,
        "net_profit": 2220.0,
        "eps": 1950.0,
        "roe": 31.25,
        "roa": 5.79,
        "operating_margin": 3.23,
        "cost_ratio": 5.14,
        "sga_ratio": 44.57
      },
      {
        "fiscal_year": "2017/03",
        "sales": 72100.0,
        "operating_profit": 3910.0,
        "ordinary_profit": 4040.0,
        "net_profit": 2540.0,
        "eps": 2350.0,
        "roe": 35.87,
        "roa": 6.76,
        "operating_margin": 3.52,
        "cost_ratio": 5.43,
        "sga_ratio": 46.07
      },
      {
        "fiscal_year": "2018/03",
        "sales": 76700.0,
        "operating_profit": 4390.0,
        "ordinary_profit": 4460.0,
        "net_profit": 2660.0,
        "eps": 3040.0,
        "roe": 37.83,
        "roa": 6.63,
        "operating_margin": 3.71,
        "cost_ratio": 5.73,
        "sga_ratio": 46.27
      },
      {
        "fiscal_year": "2019/03",
        "sales": 80900.0,
        "operating_profit": 5570.0,
        "ordinary_profit": 5650.0,
        "net_profit": 3579.9999999999995,
        "eps": 3260.0,
        "roe": 50.8,
        "roa": 8.42,
        "operating_margin": 4.57,
        "cost_ratio": 6.89,
        "sga_ratio": 47.13
      },
      {
        "fiscal_year": "2020/03",
        "sales": 84500.0,
        "operating_profit": 7030.0,
        "ordinary_profit": 6550.0,
        "net_profit": 4060.0,
        "eps": 3800.0,
        "roe": 56.11,
        "roa": 7.61,
        "operating_margin": 4.65,
        "cost_ratio": 8.32,
        "sga_ratio": 46.49
      },
      {
        "fiscal_year": "2021/03",
        "sales": 86200.0,
        "operating_profit": 8109.999999999999,
        "ordinary_profit": 8350.0,
        "net_profit": 5950.0,
        "eps": 6820.0,
        "roe": 78.83,
        "roa": 10.06,
        "operating_margin": 4.68,
        "cost_ratio": 9.4,
        "sga_ratio": 46.85
      },
      {
        "fiscal_year": "2022/03",
        "sales": 100200.0,
        "operating_profit": 9960.0,
        "ordinary_profit": 10100.0,
        "net_profit": 6480.0,
        "eps": 8020.0,
        "roe": 85.71,
        "roa": 9.96,
        "operating_margin": 4.95,
        "cost_ratio": 9.94,
        "sga_ratio": 47.21
      },
      {
        "fiscal_year": "2023/03",
        "sales": 110200.0,
        "operating_profit": 12100.0,
        "ordinary_profit": 11800.0,
        "net_profit": 7380.0,
        "eps": 8460.0,
        "roe": 97.24,
        "roa": 10.18,
        "operating_margin": 4.84,
        "cost_ratio": 10.95,
        "sga_ratio": 46.93
      },
      {
        "fiscal_year": "2024/03",
        "sales": 116200.0,
        "operating_profit": 8950.0,
        "ordinary_profit": 8230.0,
        "net_profit": 4540.0,
        "eps": 8150.0,
        "roe": 59.63,
        "roa": 5.72,
        "operating_margin": 2.52,
        "cost_ratio": 7.7,
        "sga_ratio": 47.49
      },
      {
        "fiscal_year": "2025/03",
        "sales": 122700.0,
        "operating_profit": 10000.0,
        "ordinary_profit": 9500.0,
        "net_profit": 7000.0,
        "roe": 92.29,
        "roa": 8.39,
        "operating_margin": 3.82,
        "cost_ratio": 8.15
      }
    ],
    "dividend_data": [
      {
        "fiscal_year": "2010/03",
        "total_dividend": 3.0
      },
      {
        "fiscal_year": "2011/03",
        "total_dividend": 7.5
      },
      {
        "fiscal_year": "2012/03",
        "total_dividend": 5.0
      },
      {
        "fiscal_year": "2013/03",
        "total_dividend": 6.25
      },
      {
        "fiscal_year": "2014/03",
        "total_dividend": 7.5
      },
      {
        "fiscal_year": "2015/03",
        "total_dividend": 7.5
      }
    ]
  },
  {
    "code": "7781",
    "name": "平山ホールディングス",
    "annual_data": [
      {
        "date": "2016/06/30",
        "per": 105.16,
        "pbr": 0.72,
        "is_per_red": false,
        "is_pbr_red": false
      },
      {
        "date": "2017/06/30",
        "per": 13.25,
        "pbr": 0.89,
        "is_per_red": false,
        "is_pbr_red": false
      },
      {
        "date": "2018/06/29",
        "per": 11.87,
        "pbr": 1.67,
        "is_per_red": false,
        "is_pbr_red": false
      },
      {
        "date": "2019/06/28",
        "per": 13.59,
        "pbr": 1.8,
        "is_per_red": false,
        "is_pbr_red": false
      },
      {
        "date": "2020/06/30",
        "per": 15.36,
        "pbr": 1.56,
        "is_per_red": false,
        "is_pbr_red": false
      },
      {
        "date": "2021/06/30",
        "per": 11.64,
        "pbr": 1.51,
        "is_per_red": false,
        "is_pbr_red": false
      },
      {
        "date": "2022/06/30",
        "per": 11.38,
        "pbr": 1.37,
        "is_per_red": false,
        "is_pbr_red": false
      },
      {
        "date": "2023/06/30",
        "per": 11.35,
        "pbr": 1.59,
        "is_per_red": false,
        "is_pbr_red": false
      },
      {
        "date": "2024/06/28",
        "per": 9.9,
        "pbr": 1.71,
        "is_per_red": false,
        "is_pbr_red": false
      }
    ],
    "daily_data": [],
    "financial_data": [
      {
        "fiscal_year": "2010/06",
        "sales": 5380.0,
        "ordinary_profit": 169.0,
        "net_profit": 52.0,
        "roe": 9.2,
        "operating_margin": 2.5
      },
      {
        "fiscal_year": "2011/06",
        "sales": 5520.0,
        "ordinary_profit": 241.0,
        "net_profit": 66.0,
        "roe": 11.66,
        "operating_margin": 2.73
      },
      {
        "fiscal_year": "2012/06",
        "sales": 5790.0,
        "ordinary_profit": 96.0,
        "net_profit": 27.0,
        "roe": 4.81
      },
      {
        "fiscal_year": "2013/06",
        "sales": 7420.0,
        "operating_profit": 268.0,
        "ordinary_profit": 315.0,
        "net_profit": 154.0,
        "eps": 157.0,
        "roe": 27.2,
        "roa": 13.74,
        "operating_margin": 4.86,
        "cost_ratio": 3.61,
        "sga_ratio": 83.64
      },
      {
        "fiscal_year": "2014/06",
        "sales": 8250.0,
        "operating_profit": 320.0,
        "ordinary_profit": 326.0,
        "net_profit": 182.0,
        "eps": 184.0,
        "roe": 32.21,
        "roa": 14.28,
        "operating_margin": 4.51,
        "cost_ratio": 3.88,
        "sga_ratio": 82.91
      },
      {
        "fiscal_year": "2015/06",
        "sales": 9000.0,
        "operating_profit": 379.0,
        "ordinary_profit": 381.0,
        "net_profit": 194.0,
        "eps": 194.0,
        "roe": 35.42,
        "roa": 12.92,
        "operating_margin": 4.76,
        "cost_ratio": 4.21,
        "sga_ratio": 82.6
      },
      {
        "fiscal_year": "2016/06",
        "sales": 9750.0,
        "operating_profit": 128.0,
        "ordinary_profit": 64.0,
        "net_profit": 14.0,
        "eps": 41.0,
        "roe": 2.13,
        "roa": 0.68,
        "operating_margin": 0.32,
        "cost_ratio": 1.32,
        "sga_ratio": 84.25
      },
      {
        "fiscal_year": "2017/06",
        "sales": 11600.0,
        "operating_profit": 40.0,
        "ordinary_profit": 88.0,
        "net_profit": 147.0,
        "eps": 109.0,
        "roe": 21.51,
        "roa": 6.74,
        "operating_margin": 2.71,
        "cost_ratio": 0.34,
        "sga_ratio": 86.23
      },
      {
        "fiscal_year": "2018/06",
        "sales": 13600.0,
        "operating_profit": 214.0,
        "ordinary_profit": 215.0,
        "net_profit": 348.0,
        "eps": 358.0,
        "roe": 50.71,
        "roa": 13.8,
        "operating_margin": 5.66,
        "cost_ratio": 1.58,
        "sga_ratio": 84.51
      },
      {
        "fiscal_year": "2019/06",
        "sales": 20800.0,
        "operating_profit": 202.0,
        "ordinary_profit": 246.0,
        "net_profit": 365.0,
        "eps": 362.0,
        "roe": 52.4,
        "roa": 13.27,
        "operating_margin": 4.73,
        "cost_ratio": 0.97,
        "sga_ratio": 83.64
      },
      {
        "fiscal_year": "2020/06",
        "sales": 23000.0,
        "operating_profit": 380.0,
        "ordinary_profit": 397.0,
        "net_profit": 294.0,
        "eps": 298.0,
        "roe": 42.76,
        "roa": 10.24,
        "operating_margin": 3.99,
        "cost_ratio": 1.66,
        "sga_ratio": 83.64
      },
      {
        "fiscal_year": "2021/06",
        "sales": 23000.0,
        "operating_profit": 532.0,
        "ordinary_profit": 646.0,
        "net_profit": 413.0,
        "eps": 404.0,
        "roe": 60.4,
        "roa": 12.96,
        "operating_margin": 5.06,
        "cost_ratio": 2.31,
        "sga_ratio": 82.6
      },
      {
        "fiscal_year": "2022/06",
        "sales": 28000.0,
        "operating_profit": 692.0,
        "ordinary_profit": 776.0,
        "net_profit": 409.0,
        "eps": 409.0,
        "roe": 59.04,
        "roa": 11.42,
        "operating_margin": 4.7,
        "cost_ratio": 2.47,
        "sga_ratio": 82.83
      },
      {
        "fiscal_year": "2023/06",
        "sales": 31700.0,
        "operating_profit": 893.0,
        "ordinary_profit": 949.0,
        "net_profit": 549.0,
        "eps": 546.0,
        "roe": 74.99,
        "roa": 13.78,
        "operating_margin": 5.43,
        "cost_ratio": 2.82,
        "sga_ratio": 83.48
      },
      {
        "fiscal_year": "2024/06",
        "sales": 35300.0,
        "operating_profit": 1120.0,
        "ordinary_profit": 1170.0,
        "net_profit": 757.0,
        "eps": 760.0,
        "roe": 102.32,
        "roa": 16.96,
        "operating_margin": 6.16,
        "cost_ratio": 3.17,
        "sga_ratio": 83.09
      },
      {
        "fiscal_year": "2025/06",
        "sales": 38000.0,
        "operating_profit": 1350.0,
        "ordinary_profit": 1340.0,
        "net_profit": 850.0,
        "roe": 111.15,
        "roa": 19.01,
        "operating_margin": 7.1,
        "cost_ratio": 3.54
      }
    ],
    "dividend_data": [
      {
        "fiscal_year": "2010/03",
        "total_dividend": 1100.0,
        "dividend_yield": 1.38
      },
      {
        "fiscal_year": "2011/03",
        "total_dividend": 3693.0,
        "dividend_yield": 4.62
      },
      {
        "fiscal_year": "2012/03",
        "total_dividend": 865.0,
        "dividend_yield": 1.08
      },
      {
        "fiscal_year": "2013/03",
        "total_dividend": 4020.0,
        "dividend_yield": 5.03
      },
      {
        "fiscal_year": "2014/03",
        "total_dividend": 6556.0,
        "dividend_yield": 8.2
      },
      {
        "fiscal_year": "2015/03",
        "total_dividend": 35.22,
        "dividend_yield": 8.81
      }
    ]
  },
  {
    "code": "7782",
    "name": "シンシア",
    "annual_data": [
      {
        "date": "2016/12/30",
        "per": 46.47,
        "pbr": 4.46,
        "is_per_red": false,
        "is_pbr_red": false
      },
      {
        "date": "2017/12/29",
        "per": 29.82,
        "pbr": 2.86,
        "is_per_red": false,
        "is_pbr_red": false
      },
      {
        "date": "2018/12/28",
        "per": 230.38,
        "pbr": 1.85,
        "is_per_red": false,
        "is_pbr_red": false
      },
      {
        "date": "2019/12/30",
        "per": 51.67,
        "pbr": 2.09,
        "is_per_red": false,
        "is_pbr_red": false
      },
      {
        "date": "2020/12/30",
        "per": 30.85,
        "pbr": 2.25,
        "is_per_red": false,
        "is_pbr_red": false
      },
      {
        "date": "2021/12/30",
        "per": 43.61,
        "pbr": 1.79,
        "is_per_red": false,
        "is_pbr_red": false
      },
      {
        "date": "2022/12/30",
        "per": 48.19,
        "pbr": 1.6,
        "is_per_red": false,
        "is_pbr_red": false
      },
      {
        "date": "2023/12/29",
        "per": 11.53,
        "pbr": 1.42,
        "is_per_red": false,
        "is_pbr_red": false
      }
    ],
    "daily_data": [],
    "financial_data": [
      {
        "fiscal_year": "2011/12",
        "sales": 2410.0,
        "ordinary_profit": 377.0,
        "net_profit": 206.0,
        "roe": 34.27,
        "operating_margin": 14.14
      },
      {
        "fiscal_year": "2012/12",
        "sales": 2630.0,
        "ordinary_profit": 448.0,
        "net_profit": 257.0,
        "roe": 42.79,
        "operating_margin": 15.69
      },
      {
        "fiscal_year": "2013/12",
        "sales": 2620.0,
        "ordinary_profit": 671.0,
        "net_profit": 363.0,
        "roe": 60.55
      },
      {
        "fiscal_year": "2014/12",
        "sales": 3729.9999999999995,
        "operating_profit": 165.0,
        "ordinary_profit": 366.0,
        "net_profit": 216.0,
        "eps": 528.0,
        "roe": 36.05,
        "roa": 13.4,
        "operating_margin": 6.75,
        "cost_ratio": 4.42,
        "sga_ratio": 76.12
      },
      {
        "fiscal_year": "2015/12",
        "sales": 4240.0,
        "operating_profit": 203.0,
        "ordinary_profit": 318.0,
        "net_profit": 212.0,
        "eps": 62.0,
        "roe": 35.3,
        "roa": 12.74,
        "operating_margin": 7.02,
        "cost_ratio": 4.79,
        "sga_ratio": 73.72
      },
      {
        "fiscal_year": "2016/12",
        "sales": 4920.0,
        "operating_profit": 579.0,
        "ordinary_profit": 266.0,
        "net_profit": 170.0,
        "eps": -69.0,
        "roe": 29.76,
        "roa": 8.37,
        "operating_margin": 5.95,
        "cost_ratio": 11.76,
        "sga_ratio": 70.37
      },
      {
        "fiscal_year": "2017/12",
        "sales": 4340.0,
        "operating_profit": 270.0,
        "ordinary_profit": 340.0,
        "net_profit": 219.0,
        "eps": 244.0,
        "roe": 32.6,
        "roa": 9.39,
        "operating_margin": 7.04,
        "cost_ratio": 6.22,
        "sga_ratio": 70.82
      },
      {
        "fiscal_year": "2018/12",
        "sales": 4180.0,
        "operating_profit": 13.0,
        "ordinary_profit": 26.0,
        "net_profit": 16.0,
        "eps": 9.9,
        "roe": 2.37,
        "roa": 0.87,
        "operating_margin": 0.6,
        "cost_ratio": 0.31,
        "sga_ratio": 70.58
      },
      {
        "fiscal_year": "2019/12",
        "sales": 4370.0,
        "operating_profit": 144.0,
        "ordinary_profit": 152.0,
        "net_profit": 76.0,
        "eps": 72.0,
        "roe": 12.29,
        "roa": 4.04,
        "operating_margin": 2.65,
        "cost_ratio": 3.29,
        "sga_ratio": 69.88
      },
      {
        "fiscal_year": "2020/12",
        "sales": 4190.0,
        "operating_profit": 210.0,
        "ordinary_profit": 216.0,
        "net_profit": 142.0,
        "eps": 95.0,
        "roe": 22.92,
        "roa": 7.23,
        "operating_margin": 4.91,
        "cost_ratio": 5.01,
        "sga_ratio": 68.33
      },
      {
        "fiscal_year": "2021/12",
        "sales": 4560.0,
        "operating_profit": 105.0,
        "ordinary_profit": 114.0,
        "net_profit": 84.0,
        "eps": 154.0,
        "roe": 13.39,
        "roa": 4.11,
        "operating_margin": 2.55,
        "cost_ratio": 2.31,
        "sga_ratio": 69.78
      },
      {
        "fiscal_year": "2022/12",
        "sales": 5590.0,
        "operating_profit": 151.0,
        "ordinary_profit": 113.0,
        "net_profit": 66.0,
        "eps": 3.1,
        "roe": 10.5,
        "roa": 3.32,
        "operating_margin": 1.85,
        "cost_ratio": 2.69,
        "sga_ratio": 74.89
      },
      {
        "fiscal_year": "2023/12",
        "sales": 5960.0,
        "operating_profit": 377.0,
        "ordinary_profit": 447.0,
        "net_profit": 295.0,
        "eps": 422.0,
        "roe": 46.68,
        "roa": 12.26,
        "operating_margin": 5.47,
        "cost_ratio": 6.32,
        "sga_ratio": 69.08
      },
      {
        "fiscal_year": "2024/12",
        "sales": 6350.0,
        "operating_profit": 386.0,
        "ordinary_profit": 374.0,
        "net_profit": 246.0,
        "roe": 35.85,
        "roa": 9.72,
        "operating_margin": 4.66,
        "cost_ratio": 6.08
      }
    ],
    "dividend_data": [
      {
        "fiscal_year": "2012/03",
        "total_dividend": 200000.0,
        "dividend_yield": 33.33
      },
      {
        "fiscal_year": "2015/03",
        "total_dividend": 0.0,
        "dividend_yield": 0.0
      },
      {
        "fiscal_year": "2016/03",
        "total_dividend": 30.0
      }
    ]
  },
  {
    "code": "7979",
    "name": "松風",
    "annual_data": [
      {
        "date": "2010/03/31",
        "per": 22.27,
        "pbr": 0.63,
        "is_per_red": false,
        "is_pbr_red": false
      },
      {
        "date": "2011/03/31",
        "per": 26.7,
        "pbr": 0.67,
        "is_per_red": false,
        "is_pbr_red": false
      },
      {
        "date": "2012/03/30",
        "per": 27.58,
        "pbr": 0.76,
        "is_per_red": false,
        "is_pbr_red": false
      },
      {
        "date": "2013/03/29",
        "per": 824.11,
        "pbr": 0.8,
        "is_per_red": false,
        "is_pbr_red": false
      },
      {
        "date": "2014/03/31",
        "per": 27.59,
        "pbr": 0.71,
        "is_per_red": false,
        "is_pbr_red": false
      },
      {
        "date": "2015/03/31",
        "per": 37.75,
        "pbr": 1.01,
        "is_per_red": false,
        "is_pbr_red": false
      },
      {
        "date": "2016/03/31",
        "per": 27.92,
        "pbr": 1.03,
        "is_per_red": false,
        "is_pbr_red": false
      },
      {
        "date": "2017/03/31",
        "per": 25.17,
        "pbr": 0.95,
        "is_per_red": false,
        "is_pbr_red": false
      },
      {
        "date": "2018/03/30",
        "per": 26.03,
        "pbr": 0.95,
        "is_per_red": false,
        "is_pbr_red": false
      },
      {
        "date": "2019/03/29",
        "per": 16.93,
        "pbr": 0.84,
        "is_per_red": false,
        "is_pbr_red": false
      },
      {
        "date": "2020/03/31",
        "per": 39.85,
        "pbr": 1.18,
        "is_per_red": false,
        "is_pbr_red": false
      },
      {
        "date": "2021/03/31",
        "per": 20.6,
        "pbr": 1.17,
        "is_per_red": false,
        "is_pbr_red": false
      },
      {
        "date": "2022/03/31",
        "per": 10.9,
        "pbr": 0.85,
        "is_per_red": false,
        "is_pbr_red": false
      },
      {
        "date": "2023/03/31",
        "per": 11.52,
        "pbr": 1.02,
        "is_per_red": false,
        "is_pbr_red": false
      },
      {
        "date": "2024/03/29",
        "per": 14.25,
        "pbr": 1.26,
        "is_per_red": false,
        "is_pbr_red": false
      }
    ],
    "daily_data": [],
    "financial_data": [
      {
        "fiscal_year": "2008/03",
        "sales": 15200.0,
        "operating_profit": 1470.0,
        "ordinary_profit": 1510.0,
        "net_profit": 910.0,
        "roa": 5.36,
        "operating_margin": 4.26,
        "cost_ratio": 9.65,
        "sga_ratio": 44.94
      },
      {
        "fiscal_year": "2009/03",
        "sales": 16500.0,
        "operating_profit": 1410.0,
        "ordinary_profit": 1310.0,
        "net_profit": 793.0,
        "roa": 4.77,
        "operating_margin": 3.79,
        "cost_ratio": 8.56,
        "sga_ratio": 44.71
      },
      {
        "fiscal_year": "2010/03",
        "sales": 16000.0,
        "operating_profit": 1060.0,
        "ordinary_profit": 951.0,
        "net_profit": 521.0,
        "roe": 16.17,
        "roa": 2.85,
        "operating_margin": 2.31,
        "cost_ratio": 6.58,
        "sga_ratio": 44.84
      },
      {
        "fiscal_year": "2011/03",
        "sales": 15700.0,
        "operating_profit": 942.0,
        "ordinary_profit": 758.0,
        "net_profit": 455.0,
        "eps": 212.0,
        "roe": 14.12,
        "roa": 2.5,
        "operating_margin": 2.01,
        "cost_ratio": 6.0,
        "sga_ratio": 44.59
      },
      {
        "fiscal_year": "2012/03",
        "sales": 16000.0,
        "operating_profit": 997.0000000000001,
        "ordinary_profit": 961.9999999999999,
        "net_profit": 509.99999999999994,
        "eps": 476.0,
        "roe": 15.82,
        "roa": 2.77,
        "operating_margin": 2.24,
        "cost_ratio": 6.24,
        "sga_ratio": 44.89
      },
      {
        "fiscal_year": "2013/03",
        "sales": 16000.0,
        "operating_profit": 725.0,
        "ordinary_profit": 732.0,
        "net_profit": 18.0,
        "eps": 642.0,
        "roe": 0.56,
        "roa": 0.1,
        "operating_margin": 0.08,
        "cost_ratio": 4.52,
        "sga_ratio": 44.82
      },
      {
        "fiscal_year": "2014/03",
        "sales": 18300.0,
        "operating_profit": 986.9999999999999,
        "ordinary_profit": 977.9999999999999,
        "net_profit": 505.99999999999994,
        "eps": 1270.0,
        "roe": 15.88,
        "roa": 2.57,
        "operating_margin": 2.1,
        "cost_ratio": 5.41,
        "sga_ratio": 45.07
      },
      {
        "fiscal_year": "2015/03",
        "sales": 19700.0,
        "operating_profit": 1160.0,
        "ordinary_profit": 1110.0,
        "net_profit": 581.0,
        "eps": 2170.0,
        "roe": 18.21,
        "roa": 2.68,
        "operating_margin": 1.97,
        "cost_ratio": 5.89,
        "sga_ratio": 43.67
      },
      {
        "fiscal_year": "2016/03",
        "sales": 23000.0,
        "operating_profit": 1570.0,
        "ordinary_profit": 1390.0,
        "net_profit": 789.0,
        "eps": -15.0,
        "roe": 24.69,
        "roa": 3.68,
        "operating_margin": 2.79,
        "cost_ratio": 6.82,
        "sga_ratio": 42.65
      },
      {
        "fiscal_year": "2017/03",
        "sales": 22300.0,
        "operating_profit": 1380.0,
        "ordinary_profit": 1140.0,
        "net_profit": 836.0,
        "eps": 1190.0,
        "roe": 26.28,
        "roa": 3.77,
        "operating_margin": 2.9,
        "cost_ratio": 6.2,
        "sga_ratio": 41.95
      },
      {
        "fiscal_year": "2018/03",
        "sales": 24000.0,
        "operating_profit": 1500.0,
        "ordinary_profit": 1570.0,
        "net_profit": 877.0,
        "eps": 2160.0,
        "roe": 27.59,
        "roa": 3.65,
        "operating_margin": 2.84,
        "cost_ratio": 6.23,
        "sga_ratio": 42.72
      },
      {
        "fiscal_year": "2019/03",
        "sales": 24900.0,
        "operating_profit": 1810.0000000000002,
        "ordinary_profit": 1710.0000000000002,
        "net_profit": 1200.0,
        "eps": 523.0,
        "roe": 37.76,
        "roa": 4.95,
        "operating_margin": 3.98,
        "cost_ratio": 7.28,
        "sga_ratio": 42.02
      },
      {
        "fiscal_year": "2020/03",
        "sales": 26100.0,
        "operating_profit": 2210.0,
        "ordinary_profit": 1989.9999999999998,
        "net_profit": 704.0,
        "eps": -46.0,
        "roe": 22.09,
        "roa": 2.96,
        "operating_margin": 2.36,
        "cost_ratio": 8.46,
        "sga_ratio": 43.75
      },
      {
        "fiscal_year": "2021/03",
        "sales": 24700.0,
        "operating_profit": 2300.0,
        "ordinary_profit": 2520.0,
        "net_profit": 1670.0,
        "eps": 3620.0000000000005,
        "roe": 48.15,
        "roa": 5.58,
        "operating_margin": 4.43,
        "cost_ratio": 9.32,
        "sga_ratio": 44.91
      },
      {
        "fiscal_year": "2022/03",
        "sales": 28100.0,
        "operating_profit": 3220.0000000000005,
        "ordinary_profit": 3660.0,
        "net_profit": 2550.0,
        "eps": 3370.0000000000005,
        "roe": 71.59,
        "roa": 7.77,
        "operating_margin": 6.25,
        "cost_ratio": 11.43,
        "sga_ratio": 42.54
      },
      {
        "fiscal_year": "2023/03",
        "sales": 31700.0,
        "operating_profit": 3820.0000000000005,
        "ordinary_profit": 4240.0,
        "net_profit": 3140.0,
        "eps": 3579.9999999999995,
        "roe": 88.04,
        "roa": 8.87,
        "operating_margin": 7.17,
        "cost_ratio": 12.07,
        "sga_ratio": 40.97
      },
      {
        "fiscal_year": "2024/03",
        "sales": 35100.0,
        "operating_profit": 4710.0,
        "ordinary_profit": 5120.0,
        "net_profit": 3660.0,
        "eps": 7159.999999999999,
        "roe": 103.06,
        "roa": 8.82,
        "operating_margin": 7.3,
        "cost_ratio": 13.42,
        "sga_ratio": 40.15
      },
      {
        "fiscal_year": "2025/03",
        "sales": 38400.0,
        "operating_profit": 5290.0,
        "ordinary_profit": 5600.0,
        "net_profit": 4430.0,
        "roe": 124.74,
        "roa": 10.69,
        "operating_margin": 9.09,
        "cost_ratio": 13.79
      }
    ],
    "dividend_data": [
      {
        "fiscal_year": "2010/03",
        "total_dividend": 18.0,
        "dividend_yield": 9.0
      },
      {
        "fiscal_year": "2011/03",
        "total_dividend": 18.0,
        "dividend_yield": 9.0
      },
      {
        "fiscal_year": "2012/03",
        "total_dividend": 20.0,
        "dividend_yield": 10.0
      },
      {
        "fiscal_year": "2013/03",
        "total_dividend": 19.0,
        "dividend_yield": 9.5
      }
    ]
  },
  {
    "code": "8050",
    "name": "セイコーグループ",
    "annual_data": [
      {
        "date": "2010/03/31",
        "per": -1,
        "pbr": 1.29,
        "is_per_red": true,
        "is_pbr_red": false
      },
      {
        "date": "2011/03/31",
        "per": 24.38,
        "pbr": 1.43,
        "is_per_red": false,
        "is_pbr_red": false
      },
      {
        "date": "2012/03/30",
        "per": -1,
        "pbr": 1.54,
        "is_per_red": true,
        "is_pbr_red": false
      },
      {
        "date": "2013/03/29",
        "per": 15.77,
        "pbr": 2.23,
        "is_per_red": false,
        "is_pbr_red": false
      },
      {
        "date": "2014/03/31",
        "per": 11.44,
        "pbr": 1.35,
        "is_per_red": false,
        "is_pbr_red": false
      },
      {
        "date": "2015/03/31",
        "per": 5.75,
        "pbr": 1.39,
        "is_per_red": false,
        "is_pbr_red": false
      },
      {
        "date": "2016/03/31",
        "per": 7.59,
        "pbr": 0.98,
        "is_per_red": false,
        "is_pbr_red": false
      },
      {
        "date": "2017/03/31",
        "per": 17.37,
        "pbr": 0.95,
        "is_per_red": false,
        "is_pbr_red": false
      },
      {
        "date": "2018/03/30",
        "per": 9.19,
        "pbr": 1.02,
        "is_per_red": false,
        "is_pbr_red": false
      },
      {
        "date": "2019/03/29",
        "per": 11.74,
        "pbr": 0.99,
        "is_per_red": false,
        "is_pbr_red": false
      },
      {
        "date": "2020/03/31",
        "per": 21.18,
        "pbr": 0.7,
        "is_per_red": false,
        "is_pbr_red": false
      },
      {
        "date": "2021/03/31",
        "per": 22.27,
        "pbr": 0.69,
        "is_per_red": false,
        "is_pbr_red": false
      },
      {
        "date": "2022/03/31",
        "per": 14.75,
        "pbr": 0.79,
        "is_per_red": false,
        "is_pbr_red": false
      },
      {
        "date": "2023/03/31",
        "per": 23.76,
        "pbr": 0.92,
        "is_per_red": false,
        "is_pbr_red": false
      },
      {
        "date": "2024/03/29",
        "per": 17.07,
        "pbr": 1.14,
        "is_per_red": false,
        "is_pbr_red": false
      }
    ],
    "daily_data": [],
    "financial_data": [
      {
        "fiscal_year": "2008/03",
        "sales": 214000.0,
        "operating_profit": 7230.0,
        "ordinary_profit": 7270.0,
        "net_profit": 3220.0000000000005,
        "roa": 6.63,
        "operating_margin": 1.42,
        "cost_ratio": 3.38,
        "sga_ratio": 62.03
      },
      {
        "fiscal_year": "2009/03",
        "sales": 174000.0,
        "operating_profit": -3500.0,
        "ordinary_profit": -4690.0,
        "net_profit": -5790.0,
        "roa": -1,
        "operating_margin": -1,
        "cost_ratio": -2.01,
        "sga_ratio": 61.88
      },
      {
        "fiscal_year": "2010/03",
        "sales": 230800.0,
        "operating_profit": 1980.0,
        "ordinary_profit": -1939.9999999999998,
        "net_profit": -3629.9999999999995,
        "roe": -19.47,
        "roa": -1,
        "operating_margin": -1,
        "cost_ratio": 0.86,
        "sga_ratio": 66.94
      },
      {
        "fiscal_year": "2011/03",
        "sales": 313900.0,
        "operating_profit": 11700.0,
        "ordinary_profit": 6590.000000000001,
        "net_profit": 2180.0,
        "eps": -225.99999999999997,
        "roe": 11.69,
        "roa": 5.86,
        "operating_margin": 0.54,
        "cost_ratio": 3.71,
        "sga_ratio": 69.21
      },
      {
        "fiscal_year": "2012/03",
        "sales": 296900.0,
        "operating_profit": 6730.0,
        "ordinary_profit": 1280.0,
        "net_profit": -11000.0,
        "eps": -12000.0,
        "roe": -59.04,
        "roa": -1,
        "operating_margin": -1,
        "cost_ratio": 2.27,
        "sga_ratio": 69.62
      },
      {
        "fiscal_year": "2013/03",
        "sales": 283800.0,
        "operating_profit": 5520.0,
        "ordinary_profit": 3240.0,
        "net_profit": 5530.0,
        "eps": 10600.0,
        "roe": 26.7,
        "roa": 14.17,
        "operating_margin": 1.56,
        "cost_ratio": 1.95,
        "sga_ratio": 69.32
      },
      {
        "fiscal_year": "2014/03",
        "sales": 308300.0,
        "operating_profit": 14000.0,
        "ordinary_profit": 10200.0,
        "net_profit": 7420.0,
        "eps": 25500.0,
        "roe": 35.91,
        "roa": 11.81,
        "operating_margin": 2.02,
        "cost_ratio": 4.55,
        "sga_ratio": 66.41
      },
      {
        "fiscal_year": "2015/03",
        "sales": 293500.0,
        "operating_profit": 11700.0,
        "ordinary_profit": 12400.0,
        "net_profit": 21800.0,
        "eps": 30800.0,
        "roe": 105.39,
        "roa": 24.09,
        "operating_margin": 6.53,
        "cost_ratio": 3.98,
        "sga_ratio": 64.47
      },
      {
        "fiscal_year": "2016/03",
        "sales": 296700.0,
        "operating_profit": 13300.0,
        "ordinary_profit": 11900.0,
        "net_profit": 12100.0,
        "eps": 6720.0,
        "roe": 58.76,
        "roa": 12.85,
        "operating_margin": 3.69,
        "cost_ratio": 4.48,
        "sga_ratio": 63.42
      },
      {
        "fiscal_year": "2017/03",
        "sales": 257100.0,
        "operating_profit": 7490.000000000001,
        "ordinary_profit": 6670.0,
        "net_profit": 5390.0,
        "eps": 7859.999999999999,
        "roe": 26.14,
        "roa": 5.5,
        "operating_margin": 1.64,
        "cost_ratio": 2.91,
        "sga_ratio": 62.55
      },
      {
        "fiscal_year": "2018/03",
        "sales": 268500.0,
        "operating_profit": 10800.0,
        "ordinary_profit": 10900.0,
        "net_profit": 11500.0,
        "eps": 10500.0,
        "roe": 280.01,
        "roa": 11.1,
        "operating_margin": 3.78,
        "cost_ratio": 4.04,
        "sga_ratio": 61.9
      },
      {
        "fiscal_year": "2019/03",
        "sales": 247300.0,
        "operating_profit": 9390.0,
        "ordinary_profit": 11400.0,
        "net_profit": 9250.0,
        "eps": 8400.0,
        "roe": 224.4,
        "roa": 8.47,
        "operating_margin": 3.05,
        "cost_ratio": 3.8,
        "sga_ratio": 61.04
      },
      {
        "fiscal_year": "2020/03",
        "sales": 239200.0,
        "operating_profit": 6130.0,
        "ordinary_profit": 7000.0,
        "net_profit": 3390.0,
        "eps": -3010.0,
        "roe": 82.34,
        "roa": 3.29,
        "operating_margin": 1.13,
        "cost_ratio": 2.56,
        "sga_ratio": 60.31
      },
      {
        "fiscal_year": "2021/03",
        "sales": 202700.0,
        "operating_profit": 2190.0,
        "ordinary_profit": 633.0,
        "net_profit": 3479.9999999999995,
        "eps": 10900.0,
        "roe": 84.29,
        "roa": 3.11,
        "operating_margin": 1.09,
        "cost_ratio": 1.08,
        "sga_ratio": 60.59
      },
      {
        "fiscal_year": "2022/03",
        "sales": 237400.0,
        "operating_profit": 8770.0,
        "ordinary_profit": 9940.0,
        "net_profit": 6420.0,
        "eps": 11900.0,
        "roe": 155.55,
        "roa": 5.34,
        "operating_margin": 1.96,
        "cost_ratio": 3.69,
        "sga_ratio": 58.22
      },
      {
        "fiscal_year": "2023/03",
        "sales": 260500.0,
        "operating_profit": 11200.0,
        "ordinary_profit": 11200.0,
        "net_profit": 5030.0,
        "eps": 12600.0,
        "roe": 121.86,
        "roa": 3.87,
        "operating_margin": 1.41,
        "cost_ratio": 4.31,
        "sga_ratio": 57.08
      },
      {
        "fiscal_year": "2024/03",
        "sales": 276800.0,
        "operating_profit": 14700.0,
        "ordinary_profit": 15900.0,
        "net_profit": 10100.0,
        "eps": 24200.0,
        "roe": 244.33,
        "roa": 6.74,
        "operating_margin": 2.67,
        "cost_ratio": 5.32,
        "sga_ratio": 55.68
      },
      {
        "fiscal_year": "2025/03",
        "sales": 306000.0,
        "operating_profit": 18000.0,
        "ordinary_profit": 18000.0,
        "net_profit": 11500.0,
        "roe": 281.55,
        "roa": 7.41,
        "operating_margin": 3.07,
        "cost_ratio": 5.88
      }
    ],
    "dividend_data": [
      {
        "fiscal_year": "2010/03",
        "total_dividend": 0.0,
        "dividend_yield": 0.0
      },
      {
        "fiscal_year": "2011/03",
        "total_dividend": 2.0,
        "dividend_yield": 0.7
      },
      {
        "fiscal_year": "2012/03",
        "total_dividend": 0.0,
        "dividend_yield": 0.0
      },
      {
        "fiscal_year": "2013/03",
        "total_dividend": 2.5,
        "dividend_yield": 0.59
      }
    ]
  },
  {
    "code": "8086",
    "name": "ニプロ",
    "annual_data": [
      {
        "date": "2010/03/31",
        "per": 15.91,
        "pbr": 1.01,
        "is_per_red": false,
        "is_pbr_red": false
      },
      {
        "date": "2011/03/31",
        "per": 42.82,
        "pbr": 0.99,
        "is_per_red": false,
        "is_pbr_red": false
      },
      {
        "date": "2012/03/30",
        "per": 23.07,
        "pbr": 0.96,
        "is_per_red": false,
        "is_pbr_red": false
      },
      {
        "date": "2013/03/29",
        "per": 14.03,
        "pbr": 1.2,
        "is_per_red": false,
        "is_pbr_red": false
      },
      {
        "date": "2014/03/31",
        "per": 50.96,
        "pbr": 1.11,
        "is_per_red": false,
        "is_pbr_red": false
      },
      {
        "date": "2015/03/31",
        "per": 14.14,
        "pbr": 1.16,
        "is_per_red": false,
        "is_pbr_red": false
      },
      {
        "date": "2016/03/31",
        "per": 9.2,
        "pbr": 1.09,
        "is_per_red": false,
        "is_pbr_red": false
      },
      {
        "date": "2017/03/31",
        "per": 23.24,
        "pbr": 1.57,
        "is_per_red": false,
        "is_pbr_red": false
      },
      {
        "date": "2018/03/30",
        "per": 21.61,
        "pbr": 1.48,
        "is_per_red": false,
        "is_pbr_red": false
      },
      {
        "date": "2019/03/29",
        "per": 19.39,
        "pbr": 1.44,
        "is_per_red": false,
        "is_pbr_red": false
      },
      {
        "date": "2020/03/31",
        "per": -1,
        "pbr": 1.39,
        "is_per_red": true,
        "is_pbr_red": false
      },
      {
        "date": "2021/03/31",
        "per": 15.35,
        "pbr": 1.35,
        "is_per_red": false,
        "is_pbr_red": false
      },
      {
        "date": "2022/03/31",
        "per": 12.41,
        "pbr": 0.9,
        "is_per_red": false,
        "is_pbr_red": false
      },
      {
        "date": "2023/03/31",
        "per": 36.34,
        "pbr": 0.81,
        "is_per_red": false,
        "is_pbr_red": false
      },
      {
        "date": "2024/03/29",
        "per": 18.0,
        "pbr": 0.86,
        "is_per_red": false,
        "is_pbr_red": false
      }
    ],
    "daily_data": [],
    "financial_data": [
      {
        "fiscal_year": "2008/03",
        "sales": 172100.0,
        "operating_profit": 13700.0,
        "ordinary_profit": 9670.0,
        "net_profit": 4450.0,
        "roa": 3.77,
        "operating_margin": 1.28,
        "cost_ratio": 7.95,
        "sga_ratio": 71.53
      },
      {
        "fiscal_year": "2009/03",
        "sales": 175900.0,
        "operating_profit": 14800.0,
        "ordinary_profit": 9890.0,
        "net_profit": 4530.0,
        "roa": 4.77,
        "operating_margin": 1.37,
        "cost_ratio": 8.4,
        "sga_ratio": 70.7
      },
      {
        "fiscal_year": "2010/03",
        "sales": 177800.0,
        "operating_profit": 18100.0,
        "ordinary_profit": 14900.0,
        "net_profit": 7250.0,
        "roe": 56.76,
        "roa": 6.34,
        "operating_margin": 1.89,
        "cost_ratio": 10.17,
        "sga_ratio": 70.94
      },
      {
        "fiscal_year": "2011/03",
        "sales": 195900.0,
        "operating_profit": 17200.0,
        "ordinary_profit": 13400.0,
        "net_profit": 2460.0,
        "eps": -4440.0,
        "roe": 19.22,
        "roa": 2.3,
        "operating_margin": 0.52,
        "cost_ratio": 8.79,
        "sga_ratio": 70.31
      },
      {
        "fiscal_year": "2012/03",
        "sales": 212000.0,
        "operating_profit": 15800.0,
        "ordinary_profit": 12000.0,
        "net_profit": 4590.0,
        "eps": -19900.0,
        "roe": 26.74,
        "roa": 4.17,
        "operating_margin": 0.92,
        "cost_ratio": 7.46,
        "sga_ratio": 70.4
      },
      {
        "fiscal_year": "2013/03",
        "sales": 241000.0,
        "operating_profit": 11400.0,
        "ordinary_profit": 14400.0,
        "net_profit": 10200.0,
        "eps": 14900.0,
        "roe": 59.67,
        "roa": 8.53,
        "operating_margin": 1.77,
        "cost_ratio": 4.72,
        "sga_ratio": 72.74
      },
      {
        "fiscal_year": "2014/03",
        "sales": 300800.0,
        "operating_profit": 12300.0,
        "ordinary_profit": 11900.0,
        "net_profit": 2860.0,
        "eps": 29500.0,
        "roe": 18.19,
        "roa": 2.28,
        "operating_margin": 0.46,
        "cost_ratio": 4.09,
        "sga_ratio": 70.9
      },
      {
        "fiscal_year": "2015/03",
        "sales": 325100.0,
        "operating_profit": 16600.0,
        "ordinary_profit": 19700.0,
        "net_profit": 12500.0,
        "eps": 32800.0,
        "roe": 80.95,
        "roa": 7.44,
        "operating_margin": 1.79,
        "cost_ratio": 5.1,
        "sga_ratio": 69.37
      },
      {
        "fiscal_year": "2016/03",
        "sales": 366700.0,
        "operating_profit": 24200.0,
        "ordinary_profit": 14600.0,
        "net_profit": 19700.0,
        "eps": 3870.0000000000005,
        "roe": 116.22,
        "roa": 11.88,
        "operating_margin": 2.78,
        "cost_ratio": 6.6,
        "sga_ratio": 68.4
      },
      {
        "fiscal_year": "2017/03",
        "sales": 359700.0,
        "operating_profit": 28800.0,
        "ordinary_profit": 23200.0,
        "net_profit": 11300.0,
        "eps": 10800.0,
        "roe": 67.57,
        "roa": 6.83,
        "operating_margin": 1.51,
        "cost_ratio": 8.0,
        "sga_ratio": 68.0
      },
      {
        "fiscal_year": "2018/03",
        "sales": 395400.0,
        "operating_profit": 27100.0,
        "ordinary_profit": 22700.0,
        "net_profit": 11800.0,
        "eps": 13500.0,
        "roe": 71.14,
        "roa": 6.85,
        "operating_margin": 1.43,
        "cost_ratio": 6.85,
        "sga_ratio": 67.85
      },
      {
        "fiscal_year": "2019/03",
        "sales": 426400.0,
        "operating_profit": 23800.0,
        "ordinary_profit": 22400.0,
        "net_profit": 12100.0,
        "eps": -1839.9999999999998,
        "roe": 73.68,
        "roa": 7.52,
        "operating_margin": 1.43,
        "cost_ratio": 5.59,
        "sga_ratio": 69.36
      },
      {
        "fiscal_year": "2020/03",
        "sales": 442500.0,
        "operating_profit": 26400.0,
        "ordinary_profit": 23400.0,
        "net_profit": -12300.0,
        "eps": -8850.0,
        "roe": -75.3,
        "roa": -1,
        "operating_margin": -1,
        "cost_ratio": 5.97,
        "sga_ratio": 69.67
      },
      {
        "fiscal_year": "2021/03",
        "sales": 455600.0,
        "operating_profit": 27600.0,
        "ordinary_profit": 26300.0,
        "net_profit": 14200.0,
        "eps": 14800.0,
        "roe": 87.12,
        "roa": 8.82,
        "operating_margin": 1.66,
        "cost_ratio": 6.06,
        "sga_ratio": 69.52
      },
      {
        "fiscal_year": "2022/03",
        "sales": 494800.0,
        "operating_profit": 23900.0,
        "ordinary_profit": 27600.0,
        "net_profit": 13500.0,
        "eps": 32000.0,
        "roe": 82.5,
        "roa": 7.26,
        "operating_margin": 1.45,
        "cost_ratio": 4.83,
        "sga_ratio": 69.83
      },
      {
        "fiscal_year": "2023/03",
        "sales": 545200.0,
        "operating_profit": 17700.0,
        "ordinary_profit": 15300.0,
        "net_profit": 4570.0,
        "eps": 26000.0,
        "roe": 28.04,
        "roa": 2.22,
        "operating_margin": 0.45,
        "cost_ratio": 3.25,
        "sga_ratio": 70.02
      },
      {
        "fiscal_year": "2024/03",
        "sales": 586800.0,
        "operating_profit": 22300.0,
        "ordinary_profit": 19500.0,
        "net_profit": 11100.0,
        "eps": 29900.0,
        "roe": 68.11,
        "roa": 4.77,
        "operating_margin": 1.0,
        "cost_ratio": 3.81,
        "sga_ratio": 70.8
      },
      {
        "fiscal_year": "2025/03",
        "sales": 645000.0,
        "operating_profit": 32500.0,
        "ordinary_profit": 22300.0,
        "net_profit": 15800.0,
        "roe": 96.88,
        "roa": 6.08,
        "operating_margin": 1.35,
        "cost_ratio": 5.04
      }
    ],
    "dividend_data": [
      {
        "fiscal_year": "2010/03",
        "total_dividend": 53.0,
        "dividend_yield": 2.93
      },
      {
        "fiscal_year": "2011/03",
        "total_dividend": 50.0,
        "dividend_yield": 3.04
      },
      {
        "fiscal_year": "2012/03",
        "total_dividend": 23.5,
        "dividend_yield": 3.81
      },
      {
        "fiscal_year": "2013/03",
        "total_dividend": 27.5,
        "dividend_yield": 3.29
      }
    ]
  }
]