[
  {
    "code": "3113",
    "name": "ＵＮＩＶＡ・Ｏａｋホールディングス",
    "annual_data": [
      {
        "date": "2010/03/31",
        "per": 40.69,
        "pbr": 1.64,
        "is_per_red": false,
        "is_pbr_red": false
      },
      {
        "date": "2011/03/31",
        "per": 23.99,
        "pbr": 1.06,
        "is_per_red": false,
        "is_pbr_red": false
      },
      {
        "date": "2012/03/30",
        "per": -1,
        "pbr": 1.11,
        "is_per_red": true,
        "is_pbr_red": false
      },
      {
        "date": "2013/03/29",
        "per": -1,
        "pbr": 1.67,
        "is_per_red": true,
        "is_pbr_red": false
      },
      {
        "date": "2014/03/31",
        "per": 11.93,
        "pbr": 1.7,
        "is_per_red": false,
        "is_pbr_red": false
      },
      {
        "date": "2015/03/31",
        "per": 8.14,
        "pbr": 2.19,
        "is_per_red": false,
        "is_pbr_red": false
      },
      {
        "date": "2016/03/31",
        "per": 12.3,
        "pbr": 1.22,
        "is_per_red": false,
        "is_pbr_red": false
      },
      {
        "date": "2017/03/31",
        "per": 10.3,
        "pbr": 1.13,
        "is_per_red": false,
        "is_pbr_red": false
      },
      {
        "date": "2018/03/30",
        "per": 16.34,
        "pbr": 1.55,
        "is_per_red": false,
        "is_pbr_red": false
      },
      {
        "date": "2019/03/29",
        "per": -1,
        "pbr": 1.09,
        "is_per_red": true,
        "is_pbr_red": false
      },
      {
        "date": "2020/03/31",
        "per": -1,
        "pbr": 0.73,
        "is_per_red": true,
        "is_pbr_red": false
      },
      {
        "date": "2021/03/31",
        "per": -1,
        "pbr": 1.12,
        "is_per_red": true,
        "is_pbr_red": false
      },
      {
        "date": "2022/03/31",
        "per": -1,
        "pbr": 1.23,
        "is_per_red": true,
        "is_pbr_red": false
      },
      {
        "date": "2023/03/31",
        "per": -1,
        "pbr": 1.56,
        "is_per_red": true,
        "is_pbr_red": false
      },
      {
        "date": "2024/03/29",
        "per": -1,
        "pbr": 2.35,
        "is_per_red": true,
        "is_pbr_red": false
      }
    ],
    "daily_data": [],
    "financial_data": [
      {
        "fiscal_year": "2009/03",
        "sales": 2300.0,
        "operating_profit": -1100.0,
        "ordinary_profit": -1090.0,
        "net_profit": -2620.0,
        "roa": -1,
        "operating_margin": -1,
        "cost_ratio": -47.66,
        "sga_ratio": 68.45
      },
      {
        "fiscal_year": "2010/03",
        "sales": 2860.0,
        "operating_profit": 554.0,
        "ordinary_profit": 580.0,
        "net_profit": 101.0,
        "roe": 0.47,
        "roa": 4.04,
        "operating_margin": 2.56,
        "cost_ratio": 19.33,
        "sga_ratio": 42.18
      },
      {
        "fiscal_year": "2011/03",
        "sales": 4350.0,
        "operating_profit": 39.0,
        "ordinary_profit": 8.0,
        "net_profit": 114.99999999999999,
        "eps": 9.0,
        "roe": 5.21,
        "roa": 4.4,
        "operating_margin": 3.63,
        "cost_ratio": 0.9,
        "sga_ratio": 76.66
      },
      {
        "fiscal_year": "2012/03",
        "sales": 927.0,
        "operating_profit": -646.0,
        "ordinary_profit": -656.0,
        "net_profit": -660.0,
        "eps": -764.0,
        "roe": -29.52,
        "roa": -1,
        "operating_margin": -1,
        "cost_ratio": -69.69,
        "sga_ratio": 70.43
      },
      {
        "fiscal_year": "2013/03",
        "sales": 1540.0,
        "operating_profit": -329.0,
        "ordinary_profit": -342.0,
        "net_profit": -486.00000000000006,
        "eps": -544.0,
        "roe": -20.03,
        "roa": -1,
        "operating_margin": -1,
        "cost_ratio": -21.4,
        "sga_ratio": 62.54
      },
      {
        "fiscal_year": "2014/03",
        "sales": 4170.0,
        "operating_profit": 570.0,
        "ordinary_profit": 564.0,
        "net_profit": 555.0,
        "eps": 885.0,
        "roe": 12.91,
        "roa": 13.23,
        "operating_margin": 12.66,
        "cost_ratio": 13.68,
        "sga_ratio": 63.8
      },
      {
        "fiscal_year": "2015/03",
        "sales": 8320.0,
        "operating_profit": 2120.0,
        "ordinary_profit": 1860.0000000000002,
        "net_profit": 1810.0000000000002,
        "roe": 38.2,
        "roa": 26.14,
        "operating_margin": 23.87,
        "cost_ratio": 25.52
      },
      {
        "fiscal_year": "2016/03",
        "sales": 5460.0,
        "operating_profit": 1070.0,
        "ordinary_profit": 907.0,
        "net_profit": 762.0,
        "roe": 14.55,
        "roa": 9.66,
        "operating_margin": 9.37,
        "cost_ratio": 19.6,
        "sga_ratio": 63.62
      },
      {
        "fiscal_year": "2017/03",
        "sales": 8960.0,
        "operating_profit": 956.0,
        "ordinary_profit": 816.0,
        "net_profit": 886.0,
        "eps": 601.0,
        "roe": 16.51,
        "roa": 10.98,
        "operating_margin": 10.59,
        "cost_ratio": 10.67,
        "sga_ratio": 77.32
      },
      {
        "fiscal_year": "2018/03",
        "sales": 5650.0,
        "operating_profit": 1550.0,
        "ordinary_profit": 1150.0,
        "net_profit": 886.0,
        "eps": 1520.0,
        "roe": 16.52,
        "roa": 9.51,
        "operating_margin": 8.99,
        "cost_ratio": 27.41,
        "sga_ratio": 50.41
      },
      {
        "fiscal_year": "2019/03",
        "sales": 2230.0,
        "operating_profit": -907.0,
        "ordinary_profit": -958.0,
        "net_profit": -978.9999999999999,
        "eps": -1310.0,
        "roe": -18.25,
        "roa": -1,
        "operating_margin": -1,
        "cost_ratio": -40.66,
        "sga_ratio": 95.26
      },
      {
        "fiscal_year": "2020/03",
        "sales": 4060.0,
        "operating_profit": -1660.0000000000002,
        "ordinary_profit": -1889.9999999999998,
        "net_profit": -1789.9999999999998,
        "eps": -1650.0,
        "roe": -33.46,
        "roa": -1,
        "operating_margin": -1,
        "cost_ratio": -40.85,
        "sga_ratio": 93.69
      },
      {
        "fiscal_year": "2021/03",
        "sales": 5530.0,
        "operating_profit": -707.0,
        "ordinary_profit": -780.0,
        "net_profit": -951.0,
        "eps": -660.0,
        "roe": -17.73,
        "roa": -1,
        "operating_margin": -1,
        "cost_ratio": -12.78,
        "sga_ratio": 80.7
      },
      {
        "fiscal_year": "2022/03",
        "sales": 2610.0,
        "operating_profit": -1030.0,
        "ordinary_profit": -969.9999999999999,
        "net_profit": -1660.0000000000002,
        "eps": -1789.9999999999998,
        "roe": -29.62,
        "roa": -1,
        "operating_margin": -1,
        "cost_ratio": -39.6,
        "sga_ratio": 81.94
      },
      {
        "fiscal_year": "2023/03",
        "sales": 2050.0,
        "operating_profit": -772.0,
        "ordinary_profit": -582.0,
        "net_profit": -688.0,
        "eps": -832.0,
        "roe": -9.22,
        "roa": -1,
        "operating_margin": -1,
        "cost_ratio": -37.68,
        "sga_ratio": 48.5
      },
      {
        "fiscal_year": "2024/03",
        "sales": 5040.0,
        "operating_profit": -1250.0,
        "ordinary_profit": -933.0,
        "net_profit": -1430.0,
        "eps": -1820.0,
        "roe": -17.71,
        "roa": -1,
        "operating_margin": -1,
        "cost_ratio": -24.84,
        "sga_ratio": 46.33
      }
    ],
    "dividend_data": [
      {
        "fiscal_year": "2013/03",
        "total_dividend": 0.0
      },
      {
        "fiscal_year": "2014/03",
        "total_dividend": 0.0
      },
      {
        "fiscal_year": "2017/03",
        "total_dividend": 2.94
      },
      {
        "fiscal_year": "2018/03",
        "total_dividend": 3.7
      },
      {
        "fiscal_year": "2020/03",
        "total_dividend": 0.0
      },
      {
        "fiscal_year": "2021/03",
        "total_dividend": 0.0
      },
      {
        "fiscal_year": "2022/03",
        "total_dividend": 0.0
      },
      {
        "fiscal_year": "2023/03",
        "total_dividend": 0.0
      },
      {
        "fiscal_year": "2024/03",
        "total_dividend": 0.0
      }
    ]
  },
  {
    "code": "5834",
    "name": "ＳＢＩリーシングサービス",
    "annual_data": [
      {
        "date": "2023/03/31",
        "per": 7.72,
        "pbr": 1.12,
        "is_per_red": false,
        "is_pbr_red": false
      },
      {
        "date": "2024/03/29",
        "per": 8.56,
        "pbr": 1.4,
        "is_per_red": false,
        "is_pbr_red": false
      }
    ],
    "daily_data": [],
    "financial_data": [
      {
        "fiscal_year": "2018/03",
        "sales": 132.0,
        "ordinary_profit": -21.0,
        "net_profit": -17.0,
        "roe": -7.73,
        "operating_margin": -1
      },
      {
        "fiscal_year": "2019/03",
        "sales": 656.0,
        "ordinary_profit": -171.0,
        "net_profit": -115.99999999999999,
        "roe": -49.04,
        "operating_margin": -1
      },
      {
        "fiscal_year": "2020/03",
        "sales": 4630.0,
        "ordinary_profit": 224.00000000000003,
        "net_profit": 68.0,
        "roe": 28.75
      },
      {
        "fiscal_year": "2021/03",
        "sales": 12000.0,
        "operating_profit": 396.0,
        "ordinary_profit": -671.0,
        "net_profit": -7650.0,
        "eps": -8340.0,
        "roe": -1077.39,
        "roa": -1,
        "operating_margin": -1,
        "cost_ratio": 3.3,
        "sga_ratio": 72.06
      },
      {
        "fiscal_year": "2022/03",
        "sales": 29600.0,
        "operating_profit": 3279.9999999999995,
        "ordinary_profit": 2810.0,
        "net_profit": 10400.0,
        "eps": 10800.0,
        "roe": 1460.24,
        "roa": 78.85,
        "operating_margin": 34.78,
        "cost_ratio": 11.1,
        "sga_ratio": 81.26
      },
      {
        "fiscal_year": "2023/03",
        "sales": 39600.0,
        "operating_profit": 4029.9999999999995,
        "ordinary_profit": 3529.9999999999995,
        "net_profit": 2440.0,
        "eps": 2750.0,
        "roe": 331.32,
        "roa": 13.76,
        "operating_margin": 5.05,
        "cost_ratio": 10.17,
        "sga_ratio": 81.89
      },
      {
        "fiscal_year": "2024/03",
        "sales": 54100.0,
        "operating_profit": 5310.0,
        "ordinary_profit": 4940.0,
        "net_profit": 3450.0,
        "eps": 3410.0,
        "roe": 443.24,
        "roa": 16.34,
        "operating_margin": 4.55,
        "cost_ratio": 9.81,
        "sga_ratio": 84.65
      },
      {
        "fiscal_year": "2025/03",
        "sales": 54500.0,
        "operating_profit": 5700.0,
        "ordinary_profit": 5300.0,
        "net_profit": 3650.0,
        "roe": 467.76,
        "roa": 16.1,
        "operating_margin": 4.18,
        "cost_ratio": 10.46
      }
    ],
    "dividend_data": [
      {
        "fiscal_year": "2022/03",
        "total_dividend": 0.0
      }
    ]
  },
  {
    "code": "5842",
    "name": "インテグラル",
    "annual_data": [
      {
        "date": "2023/12/29",
        "per": 10.14,
        "pbr": 2.21,
        "is_per_red": false,
        "is_pbr_red": false
      }
    ],
    "daily_data": [],
    "financial_data": [],
    "dividend_data": [
      {
        "fiscal_year": "2022/03",
        "total_dividend": 0.0
      }
    ]
  },
  {
    "code": "7148",
    "name": "ＦＰＧ",
    "annual_data": [
      {
        "date": "2012/09/28",
        "per": 9.02,
        "pbr": 2.81,
        "is_per_red": false,
        "is_pbr_red": false
      },
      {
        "date": "2013/09/30",
        "per": 24.15,
        "pbr": 6.52,
        "is_per_red": false,
        "is_pbr_red": false
      },
      {
        "date": "2014/09/30",
        "per": 14.17,
        "pbr": 3.03,
        "is_per_red": false,
        "is_pbr_red": false
      },
      {
        "date": "2015/09/30",
        "per": 12.71,
        "pbr": 5.03,
        "is_per_red": false,
        "is_pbr_red": false
      },
      {
        "date": "2016/09/30",
        "per": 11.08,
        "pbr": 4.73,
        "is_per_red": false,
        "is_pbr_red": false
      },
      {
        "date": "2017/09/29",
        "per": 11.73,
        "pbr": 4.62,
        "is_per_red": false,
        "is_pbr_red": false
      },
      {
        "date": "2018/09/28",
        "per": 10.91,
        "pbr": 3.34,
        "is_per_red": false,
        "is_pbr_red": false
      },
      {
        "date": "2019/09/30",
        "per": 9.56,
        "pbr": 2.92,
        "is_per_red": false,
        "is_pbr_red": false
      },
      {
        "date": "2020/09/30",
        "per": 40.99,
        "pbr": 1.67,
        "is_per_red": false,
        "is_pbr_red": false
      },
      {
        "date": "2021/09/30",
        "per": 20.75,
        "pbr": 2.09,
        "is_per_red": false,
        "is_pbr_red": false
      },
      {
        "date": "2022/09/30",
        "per": 11.41,
        "pbr": 2.68,
        "is_per_red": false,
        "is_pbr_red": false
      },
      {
        "date": "2023/09/29",
        "per": 9.21,
        "pbr": 2.6,
        "is_per_red": false,
        "is_pbr_red": false
      },
      {
        "date": "2024/09/30",
        "per": 9.25,
        "pbr": 3.53,
        "is_per_red": false,
        "is_pbr_red": false
      }
    ],
    "daily_data": [],
    "financial_data": [
      {
        "fiscal_year": "2008/09",
        "sales": 902.9999999999999,
        "operating_profit": 488.0,
        "ordinary_profit": 434.99999999999994,
        "net_profit": 231.99999999999997,
        "roa": 50.07,
        "operating_margin": 12.33,
        "cost_ratio": 54.03,
        "sga_ratio": 20.9
      },
      {
        "fiscal_year": "2009/09",
        "sales": 857.0,
        "operating_profit": 308.0,
        "ordinary_profit": 243.00000000000003,
        "net_profit": 100.0,
        "roa": 17.03,
        "operating_margin": 6.49,
        "cost_ratio": 35.94,
        "sga_ratio": 20.18
      },
      {
        "fiscal_year": "2010/09",
        "sales": 1620.0,
        "operating_profit": 822.0000000000001,
        "ordinary_profit": 774.0,
        "net_profit": 445.0,
        "roe": 6.69,
        "roa": 28.63,
        "operating_margin": 18.79,
        "cost_ratio": 50.66,
        "sga_ratio": 13.7
      },
      {
        "fiscal_year": "2011/09",
        "sales": 1989.9999999999998,
        "operating_profit": 1040.0,
        "ordinary_profit": 968.0,
        "net_profit": 557.0,
        "roe": 8.36,
        "roa": 28.46,
        "operating_margin": 8.46,
        "cost_ratio": 51.98,
        "sga_ratio": 12.99
      },
      {
        "fiscal_year": "2012/09",
        "sales": 2800.0,
        "operating_profit": 1440.0,
        "ordinary_profit": 1390.0,
        "net_profit": 793.0,
        "roe": 11.75,
        "roa": 31.09,
        "operating_margin": 13.4,
        "cost_ratio": 51.32,
        "sga_ratio": 14.46
      },
      {
        "fiscal_year": "2013/09",
        "sales": 4010.0,
        "operating_profit": 2080.0,
        "ordinary_profit": 1960.0000000000002,
        "net_profit": 1190.0,
        "eps": 1190.0,
        "roe": 15.53,
        "roa": 26.41,
        "operating_margin": 5.86,
        "cost_ratio": 51.95,
        "sga_ratio": 14.97
      },
      {
        "fiscal_year": "2014/09",
        "sales": 6260.0,
        "operating_profit": 3460.0,
        "ordinary_profit": 3260.0,
        "net_profit": 1989.9999999999998,
        "eps": 2000.0,
        "roe": 24.07,
        "roa": 18.85,
        "operating_margin": 4.52,
        "cost_ratio": 55.32,
        "sga_ratio": 13.95
      },
      {
        "fiscal_year": "2015/09",
        "sales": 15300.0,
        "operating_profit": 10100.0,
        "ordinary_profit": 10100.0,
        "net_profit": 6340.0,
        "eps": 6360.0,
        "roe": 67.52,
        "roa": 39.42,
        "operating_margin": 9.18,
        "cost_ratio": 65.84,
        "sga_ratio": 12.66
      },
      {
        "fiscal_year": "2016/09",
        "sales": 18900.0,
        "operating_profit": 11900.0,
        "ordinary_profit": 11900.0,
        "net_profit": 7640.000000000001,
        "eps": 7459.999999999999,
        "roe": 84.05,
        "roa": 43.17,
        "operating_margin": 9.41,
        "cost_ratio": 62.73,
        "sga_ratio": 13.43
      },
      {
        "fiscal_year": "2017/09",
        "sales": 21100.0,
        "operating_profit": 13400.0,
        "ordinary_profit": 13700.0,
        "net_profit": 9580.0,
        "eps": 9840.0,
        "roe": 106.44,
        "roa": 39.29,
        "operating_margin": 11.57,
        "cost_ratio": 63.68,
        "sga_ratio": 12.22
      },
      {
        "fiscal_year": "2018/09",
        "sales": 22000.0,
        "operating_profit": 13100.0,
        "ordinary_profit": 12600.0,
        "net_profit": 8990.0,
        "eps": 9160.0,
        "roe": 99.71,
        "roa": 30.57,
        "operating_margin": 10.56,
        "cost_ratio": 59.27,
        "sga_ratio": 14.62
      },
      {
        "fiscal_year": "2019/09",
        "sales": 26600.0,
        "operating_profit": 14400.0,
        "ordinary_profit": 14400.0,
        "net_profit": 10000.0,
        "eps": 9770.0,
        "roe": 113.01,
        "roa": 30.64,
        "operating_margin": 7.97,
        "cost_ratio": 54.27,
        "sga_ratio": 23.11
      },
      {
        "fiscal_year": "2020/09",
        "sales": 12700.0,
        "operating_profit": 1880.0,
        "ordinary_profit": 1720.0,
        "net_profit": 1140.0,
        "eps": 1200.0,
        "roe": 12.98,
        "roa": 4.17,
        "operating_margin": 0.86,
        "cost_ratio": 14.79,
        "sga_ratio": 37.54
      },
      {
        "fiscal_year": "2021/09",
        "sales": 14900.0,
        "operating_profit": 5230.0,
        "ordinary_profit": 5150.0,
        "net_profit": 2950.0,
        "eps": 3040.0,
        "roe": 34.5,
        "roa": 10.07,
        "operating_margin": 3.21,
        "cost_ratio": 35.06,
        "sga_ratio": 21.75
      },
      {
        "fiscal_year": "2022/09",
        "sales": 59200.0,
        "operating_profit": 11700.0,
        "ordinary_profit": 12500.0,
        "net_profit": 8480.0,
        "eps": 8580.0,
        "roe": 99.23,
        "roa": 23.5,
        "operating_margin": 5.36,
        "cost_ratio": 19.84,
        "sga_ratio": 68.53
      },
      {
        "fiscal_year": "2023/09",
        "sales": 71100.0,
        "operating_profit": 18300.0,
        "ordinary_profit": 18000.0,
        "net_profit": 12500.0,
        "eps": 12600.0,
        "roe": 145.97,
        "roa": 28.21,
        "operating_margin": 6.79,
        "cost_ratio": 25.67,
        "sga_ratio": 63.02
      },
      {
        "fiscal_year": "2024/09",
        "sales": 107800.0,
        "operating_profit": 28600.0,
        "ordinary_profit": 28900.0,
        "net_profit": 20500.0,
        "eps": 20500.0,
        "roe": 240.06,
        "roa": 38.45,
        "operating_margin": 8.87,
        "cost_ratio": 26.57,
        "sga_ratio": 64.42
      },
      {
        "fiscal_year": "2025/09",
        "sales": 123500.0,
        "operating_profit": 31700.0,
        "ordinary_profit": 31700.0,
        "net_profit": 22000.0,
        "roe": 262.9,
        "roa": 41.35,
        "operating_margin": 9.54,
        "cost_ratio": 25.67
      }
    ],
    "dividend_data": [
      {
        "fiscal_year": "2010/03",
        "total_dividend": 125.0,
        "dividend_yield": 2.31
      },
      {
        "fiscal_year": "2011/03",
        "total_dividend": 70.0,
        "dividend_yield": 2.59
      },
      {
        "fiscal_year": "2012/03",
        "total_dividend": 37.0,
        "dividend_yield": 4.11
      }
    ]
  },
  {
    "code": "7162",
    "name": "アストマックス",
    "annual_data": [
      {
        "date": "2013/03/29",
        "per": -1,
        "pbr": 0.87,
        "is_per_red": true,
        "is_pbr_red": false
      },
      {
        "date": "2014/03/31",
        "per": -1,
        "pbr": 0.66,
        "is_per_red": true,
        "is_pbr_red": false
      },
      {
        "date": "2015/03/31",
        "per": 12.44,
        "pbr": 1.44,
        "is_per_red": false,
        "is_pbr_red": false
      },
      {
        "date": "2016/03/31",
        "per": 22.91,
        "pbr": 0.82,
        "is_per_red": false,
        "is_pbr_red": false
      },
      {
        "date": "2017/03/31",
        "per": 2900.0,
        "pbr": 1.14,
        "is_per_red": false,
        "is_pbr_red": false
      },
      {
        "date": "2018/03/30",
        "per": 31.34,
        "pbr": 0.94,
        "is_per_red": false,
        "is_pbr_red": false
      },
      {
        "date": "2019/03/29",
        "per": 21.61,
        "pbr": 0.67,
        "is_per_red": false,
        "is_pbr_red": false
      },
      {
        "date": "2020/03/31",
        "per": 9.01,
        "pbr": 0.4,
        "is_per_red": false,
        "is_pbr_red": false
      },
      {
        "date": "2021/03/31",
        "per": 32.52,
        "pbr": 0.72,
        "is_per_red": false,
        "is_pbr_red": false
      },
      {
        "date": "2022/03/31",
        "per": 26.36,
        "pbr": 0.6,
        "is_per_red": false,
        "is_pbr_red": false
      },
      {
        "date": "2023/03/31",
        "per": -1,
        "pbr": 0.56,
        "is_per_red": true,
        "is_pbr_red": false
      },
      {
        "date": "2024/03/29",
        "per": 7.1,
        "pbr": 0.56,
        "is_per_red": false,
        "is_pbr_red": false
      }
    ],
    "daily_data": [],
    "financial_data": [],
    "dividend_data": [
      {
        "fiscal_year": "2013/03",
        "total_dividend": 0.0
      },
      {
        "fiscal_year": "2014/03",
        "total_dividend": 0.0
      },
      {
        "fiscal_year": "2015/03",
        "total_dividend": 2.43
      },
      {
        "fiscal_year": "2017/03",
        "total_dividend": 1.51
      },
      {
        "fiscal_year": "2018/03",
        "total_dividend": 2.84
      },
      {
        "fiscal_year": "2019/03",
        "total_dividend": 3.99
      },
      {
        "fiscal_year": "2020/03",
        "total_dividend": 3.57
      },
      {
        "fiscal_year": "2021/03",
        "total_dividend": 0.97
      },
      {
        "fiscal_year": "2022/03",
        "total_dividend": 1.15
      }
    ]
  },
  {
    "code": "7172",
    "name": "ジャパンインベストメントアドバイザー",
    "annual_data": [
      {
        "date": "2014/12/30",
        "per": 47.43,
        "pbr": 15.58,
        "is_per_red": false,
        "is_pbr_red": false
      },
      {
        "date": "2015/12/30",
        "per": 26.54,
        "pbr": 10.43,
        "is_per_red": false,
        "is_pbr_red": false
      },
      {
        "date": "2016/12/30",
        "per": 30.41,
        "pbr": 6.5,
        "is_per_red": false,
        "is_pbr_red": false
      },
      {
        "date": "2017/12/29",
        "per": 29.46,
        "pbr": 5.99,
        "is_per_red": false,
        "is_pbr_red": false
      },
      {
        "date": "2018/12/28",
        "per": 17.53,
        "pbr": 2.86,
        "is_per_red": false,
        "is_pbr_red": false
      },
      {
        "date": "2019/12/30",
        "per": 9.89,
        "pbr": 1.25,
        "is_per_red": false,
        "is_pbr_red": false
      },
      {
        "date": "2020/12/30",
        "per": 10.4,
        "pbr": 1.03,
        "is_per_red": false,
        "is_pbr_red": false
      },
      {
        "date": "2021/12/30",
        "per": 13.41,
        "pbr": 0.95,
        "is_per_red": false,
        "is_pbr_red": false
      },
      {
        "date": "2022/12/30",
        "per": 7.98,
        "pbr": 0.77,
        "is_per_red": false,
        "is_pbr_red": false
      },
      {
        "date": "2023/12/29",
        "per": 17.03,
        "pbr": 0.84,
        "is_per_red": false,
        "is_pbr_red": false
      }
    ],
    "daily_data": [],
    "financial_data": [
      {
        "fiscal_year": "2009/08",
        "sales": 33.0,
        "ordinary_profit": 1.0,
        "net_profit": 1.0,
        "roe": 1.83,
        "operating_margin": 1.39
      },
      {
        "fiscal_year": "2010/08",
        "sales": 17.0,
        "ordinary_profit": -7.000000000000001,
        "net_profit": -7.000000000000001,
        "roe": -17.95,
        "operating_margin": -1
      },
      {
        "fiscal_year": "2011/08",
        "sales": 40.0,
        "ordinary_profit": 9.0,
        "net_profit": 8.0,
        "roe": 19.84,
        "operating_margin": 13.65
      },
      {
        "fiscal_year": "2012/08",
        "sales": 112.00000000000001,
        "ordinary_profit": 15.0,
        "net_profit": 9.0,
        "roe": 6.77
      },
      {
        "fiscal_year": "2012/12",
        "sales": 128.0,
        "operating_profit": 57.99999999999999,
        "ordinary_profit": -50.0,
        "net_profit": -23.0,
        "eps": -23.0,
        "roe": -16.42,
        "roa": -1,
        "operating_margin": -1,
        "cost_ratio": 45.59
      },
      {
        "fiscal_year": "2013/12",
        "sales": 520.0,
        "operating_profit": 227.99999999999997,
        "ordinary_profit": 266.0,
        "net_profit": 176.0,
        "eps": 176.0,
        "roe": 8.58,
        "roa": 33.28,
        "operating_margin": 24.84,
        "cost_ratio": 43.81
      },
      {
        "fiscal_year": "2014/12",
        "sales": 1050.0,
        "operating_profit": 535.0,
        "ordinary_profit": 682.0,
        "net_profit": 423.00000000000006,
        "eps": 423.00000000000006,
        "roe": 20.17,
        "roa": 30.96,
        "operating_margin": 3.0,
        "cost_ratio": 50.96,
        "sga_ratio": 13.42
      },
      {
        "fiscal_year": "2015/12",
        "sales": 2810.0,
        "operating_profit": 1160.0,
        "ordinary_profit": 1270.0,
        "net_profit": 765.0,
        "eps": 765.0,
        "roe": 34.48,
        "roa": 39.57,
        "operating_margin": 8.13,
        "cost_ratio": 41.2,
        "sga_ratio": 33.69
      },
      {
        "fiscal_year": "2016/12",
        "sales": 5910.0,
        "operating_profit": 2470.0,
        "ordinary_profit": 2240.0,
        "net_profit": 1390.0,
        "eps": 1490.0,
        "roe": 59.07,
        "roa": 20.62,
        "operating_margin": 4.93,
        "cost_ratio": 41.69,
        "sga_ratio": 36.47
      },
      {
        "fiscal_year": "2017/12",
        "sales": 8570.0,
        "operating_profit": 4710.0,
        "ordinary_profit": 4180.0,
        "net_profit": 2730.0,
        "eps": 2670.0,
        "roe": 107.09,
        "roa": 19.17,
        "operating_margin": 4.13,
        "cost_ratio": 54.94,
        "sga_ratio": 25.55
      },
      {
        "fiscal_year": "2018/12",
        "sales": 15000.0,
        "operating_profit": 8770.0,
        "ordinary_profit": 7240.000000000001,
        "net_profit": 5030.0,
        "eps": 5120.0,
        "roe": 175.92,
        "roa": 15.7,
        "operating_margin": 4.71,
        "cost_ratio": 58.3,
        "sga_ratio": 22.94
      },
      {
        "fiscal_year": "2019/12",
        "sales": 16600.0,
        "operating_profit": 8190.000000000001,
        "ordinary_profit": 7180.0,
        "net_profit": 4560.0,
        "eps": 4760.0,
        "roe": 153.09,
        "roa": 12.61,
        "operating_margin": 2.87,
        "cost_ratio": 49.19,
        "sga_ratio": 29.49
      },
      {
        "fiscal_year": "2020/12",
        "sales": 17700.0,
        "operating_profit": 7009.999999999999,
        "ordinary_profit": 6060.0,
        "net_profit": 3829.9999999999995,
        "eps": 3640.0,
        "roe": 128.1,
        "roa": 9.85,
        "operating_margin": 3.42,
        "cost_ratio": 39.58,
        "sga_ratio": 36.05
      },
      {
        "fiscal_year": "2021/12",
        "sales": 14100.0,
        "operating_profit": 3770.0000000000005,
        "ordinary_profit": 4700.0,
        "net_profit": 2920.0,
        "eps": 3740.0,
        "roe": 97.04,
        "roa": 7.03,
        "operating_margin": 2.87,
        "cost_ratio": 26.75,
        "sga_ratio": 38.6
      },
      {
        "fiscal_year": "2022/12",
        "sales": 18000.0,
        "operating_profit": 1300.0,
        "ordinary_profit": 5900.0,
        "net_profit": 4410.0,
        "eps": 5190.0,
        "roe": 146.14,
        "roa": 9.64,
        "operating_margin": 2.51,
        "cost_ratio": 7.19,
        "sga_ratio": 61.06
      },
      {
        "fiscal_year": "2023/12",
        "sales": 21800.0,
        "operating_profit": 5490.0,
        "ordinary_profit": 3670.0000000000005,
        "net_profit": 2360.0,
        "eps": 2980.0,
        "roe": 78.09,
        "roa": 4.93,
        "operating_margin": 1.11,
        "cost_ratio": 25.17,
        "sga_ratio": 44.14
      },
      {
        "fiscal_year": "2024/12",
        "sales": 28900.0,
        "operating_profit": 12000.0,
        "ordinary_profit": 10000.0,
        "net_profit": 6500.0,
        "roe": 106.52,
        "roa": 10.71,
        "operating_margin": 2.82,
        "cost_ratio": 41.52
      }
    ],
    "dividend_data": [
      {
        "fiscal_year": "2013/03",
        "total_dividend": 0.0,
        "dividend_yield": 0.0
      }
    ]
  },
  {
    "code": "7175",
    "name": "今村証券",
    "annual_data": [
      {
        "date": "2015/03/31",
        "per": 6.82,
        "pbr": 0.68,
        "is_per_red": false,
        "is_pbr_red": false
      },
      {
        "date": "2016/03/31",
        "per": 11.45,
        "pbr": 0.37,
        "is_per_red": false,
        "is_pbr_red": false
      },
      {
        "date": "2017/03/30",
        "per": 10.28,
        "pbr": 0.37,
        "is_per_red": false,
        "is_pbr_red": false
      },
      {
        "date": "2018/03/30",
        "per": 6.38,
        "pbr": 0.51,
        "is_per_red": false,
        "is_pbr_red": false
      },
      {
        "date": "2019/03/29",
        "per": 12.95,
        "pbr": 0.32,
        "is_per_red": false,
        "is_pbr_red": false
      },
      {
        "date": "2020/03/31",
        "per": 6.5,
        "pbr": 0.26,
        "is_per_red": false,
        "is_pbr_red": false
      },
      {
        "date": "2021/03/31",
        "per": 3.85,
        "pbr": 0.47,
        "is_per_red": false,
        "is_pbr_red": false
      },
      {
        "date": "2022/03/31",
        "per": 5.35,
        "pbr": 0.47,
        "is_per_red": false,
        "is_pbr_red": false
      },
      {
        "date": "2023/03/30",
        "per": 6.58,
        "pbr": 0.36,
        "is_per_red": false,
        "is_pbr_red": false
      },
      {
        "date": "2024/03/29",
        "per": 7.65,
        "pbr": 0.63,
        "is_per_red": false,
        "is_pbr_red": false
      }
    ],
    "daily_data": [],
    "financial_data": [],
    "dividend_data": [
      {
        "fiscal_year": "2010/03",
        "total_dividend": 1.25
      },
      {
        "fiscal_year": "2013/03",
        "total_dividend": 2.5
      },
      {
        "fiscal_year": "2014/03",
        "total_dividend": 3.75
      }
    ]
  },
  {
    "code": "7177",
    "name": "ＧＭＯフィナンシャルホールディングス",
    "annual_data": [
      {
        "date": "2016/03/31",
        "per": 13.13,
        "pbr": 3.48,
        "is_per_red": false,
        "is_pbr_red": false
      },
      {
        "date": "2017/12/29",
        "per": 16.59,
        "pbr": 2.75,
        "is_per_red": false,
        "is_pbr_red": false
      },
      {
        "date": "2018/12/28",
        "per": 8.8,
        "pbr": 1.95,
        "is_per_red": false,
        "is_pbr_red": false
      },
      {
        "date": "2019/12/30",
        "per": 11.51,
        "pbr": 1.9,
        "is_per_red": false,
        "is_pbr_red": false
      },
      {
        "date": "2020/12/30",
        "per": 11.44,
        "pbr": 2.24,
        "is_per_red": false,
        "is_pbr_red": false
      },
      {
        "date": "2021/12/30",
        "per": 9.72,
        "pbr": 2.36,
        "is_per_red": false,
        "is_pbr_red": false
      },
      {
        "date": "2022/12/30",
        "per": 47.94,
        "pbr": 1.47,
        "is_per_red": false,
        "is_pbr_red": false
      },
      {
        "date": "2023/12/29",
        "per": 11.51,
        "pbr": 1.91,
        "is_per_red": false,
        "is_pbr_red": false
      }
    ],
    "daily_data": [],
    "financial_data": [
      {
        "fiscal_year": "2012/03",
        "sales": 0.0,
        "ordinary_profit": -51.0,
        "net_profit": -36.0,
        "roe": -2.0,
        "operating_margin": -1
      },
      {
        "fiscal_year": "2013/03",
        "sales": 17900.0,
        "ordinary_profit": 4940.0,
        "net_profit": 2890.0,
        "eps": 2840.0,
        "roe": 160.41,
        "operating_margin": 0.96
      },
      {
        "fiscal_year": "2014/03",
        "sales": 21500.0,
        "operating_profit": 5590.0,
        "ordinary_profit": 5470.0,
        "net_profit": 3690.0,
        "eps": 3940.0,
        "roe": 204.83,
        "roa": 19.59,
        "operating_margin": 1.04,
        "cost_ratio": 26.03
      },
      {
        "fiscal_year": "2015/03",
        "sales": 25000.0,
        "operating_profit": 7750.0,
        "ordinary_profit": 7709.999999999999,
        "net_profit": 4860.0,
        "eps": 5110.0,
        "roe": 43.13,
        "roa": 25.09,
        "operating_margin": 1.04,
        "cost_ratio": 31.04
      },
      {
        "fiscal_year": "2016/03",
        "sales": 29000.0,
        "operating_profit": 10600.0,
        "ordinary_profit": 10600.0,
        "net_profit": 6450.0,
        "eps": 6350.0,
        "roe": 55.81,
        "roa": 26.18,
        "operating_margin": 1.42,
        "cost_ratio": 36.57
      },
      {
        "fiscal_year": "2017/03",
        "sales": 26200.0,
        "operating_profit": 9010.0,
        "ordinary_profit": 8930.0,
        "net_profit": 6160.0,
        "eps": 6080.0,
        "roe": 52.3,
        "roa": 22.13,
        "operating_margin": 1.28,
        "cost_ratio": 34.41
      },
      {
        "fiscal_year": "2017/12",
        "sales": 21700.0,
        "operating_profit": 7459.999999999999,
        "ordinary_profit": 7350.0,
        "net_profit": 5140.0,
        "eps": 5540.0,
        "roe": 43.17,
        "roa": 16.56,
        "operating_margin": 0.93,
        "cost_ratio": 34.46
      },
      {
        "fiscal_year": "2018/12",
        "sales": 34800.0,
        "operating_profit": 11800.0,
        "ordinary_profit": 11800.0,
        "net_profit": 7720.0,
        "eps": 7850.0,
        "roe": 64.46,
        "roa": 22.09,
        "operating_margin": 1.47,
        "cost_ratio": 33.96,
        "sga_ratio": 1.51
      },
      {
        "fiscal_year": "2019/12",
        "sales": 32500.0,
        "operating_profit": 9760.0,
        "ordinary_profit": 9690.0,
        "net_profit": 6070.0,
        "eps": 6559.999999999999,
        "roe": 51.42,
        "roa": 16.57,
        "operating_margin": 1.0,
        "cost_ratio": 30.04
      },
      {
        "fiscal_year": "2020/12",
        "sales": 36000.0,
        "operating_profit": 12300.0,
        "ordinary_profit": 11800.0,
        "net_profit": 7300.0,
        "eps": 7209.999999999999,
        "roe": 62.33,
        "roa": 20.29,
        "operating_margin": 1.01,
        "cost_ratio": 34.09,
        "sga_ratio": 1.18
      },
      {
        "fiscal_year": "2021/12",
        "sales": 45900.0,
        "operating_profit": 15400.0,
        "ordinary_profit": 16000.0,
        "net_profit": 9860.0,
        "eps": 10800.0,
        "roe": 86.9,
        "roa": 24.22,
        "operating_margin": 0.99,
        "cost_ratio": 33.52,
        "sga_ratio": 0.88
      },
      {
        "fiscal_year": "2022/12",
        "sales": 46500.0,
        "operating_profit": 9150.0,
        "ordinary_profit": 7880.0,
        "net_profit": 1210.0,
        "eps": 1939.9999999999998,
        "roe": 10.66,
        "roa": 3.06,
        "operating_margin": 0.12,
        "cost_ratio": 19.66,
        "sga_ratio": 0.83
      },
      {
        "fiscal_year": "2023/12",
        "sales": 51400.0,
        "operating_profit": 14500.0,
        "ordinary_profit": 14100.0,
        "net_profit": 7650.0,
        "eps": 8059.999999999999,
        "roe": 65.41,
        "roa": 16.47,
        "operating_margin": 0.68,
        "cost_ratio": 28.1
      }
    ],
    "dividend_data": [
      {
        "fiscal_year": "2012/03"
      },
      {
        "fiscal_year": "2013/03"
      },
      {
        "fiscal_year": "2014/03",
        "total_dividend": 21.25,
        "dividend_yield": 17.8
      },
      {
        "fiscal_year": "2015/03",
        "total_dividend": 21.08,
        "dividend_yield": 10.96
      },
      {
        "fiscal_year": "2016/03",
        "total_dividend": 5.34,
        "dividend_yield": 5.0
      },
      {
        "fiscal_year": "2017/03",
        "dividend_yield": 6.2
      },
      {
        "fiscal_year": "2018/03",
        "total_dividend": 9.54,
        "dividend_yield": 6.27
      },
      {
        "fiscal_year": "2019/03",
        "total_dividend": 9.02,
        "dividend_yield": 6.14
      },
      {
        "fiscal_year": "2020/03",
        "total_dividend": 7.25,
        "dividend_yield": 5.83
      },
      {
        "fiscal_year": "2021/03",
        "total_dividend": 10.1,
        "dividend_yield": 10.85
      },
      {
        "fiscal_year": "2023/03",
        "total_dividend": 9.8,
        "dividend_yield": 7.2
      }
    ]
  },
  {
    "code": "7185",
    "name": "ヒロセ通商",
    "annual_data": [
      {
        "date": "2016/03/31",
        "per": 5.41,
        "pbr": 1.15,
        "is_per_red": false,
        "is_pbr_red": false
      },
      {
        "date": "2017/03/31",
        "per": 11.46,
        "pbr": 2.06,
        "is_per_red": false,
        "is_pbr_red": false
      },
      {
        "date": "2018/03/30",
        "per": 7.99,
        "pbr": 2.04,
        "is_per_red": false,
        "is_pbr_red": false
      },
      {
        "date": "2019/03/29",
        "per": 5.39,
        "pbr": 1.27,
        "is_per_red": false,
        "is_pbr_red": false
      },
      {
        "date": "2020/03/31",
        "per": 4.93,
        "pbr": 0.97,
        "is_per_red": false,
        "is_pbr_red": false
      },
      {
        "date": "2021/03/31",
        "per": 7.16,
        "pbr": 1.14,
        "is_per_red": false,
        "is_pbr_red": false
      },
      {
        "date": "2022/03/31",
        "per": 7.68,
        "pbr": 1.04,
        "is_per_red": false,
        "is_pbr_red": false
      },
      {
        "date": "2023/03/31",
        "per": 6.99,
        "pbr": 1.09,
        "is_per_red": false,
        "is_pbr_red": false
      },
      {
        "date": "2024/03/29",
        "per": 6.82,
        "pbr": 1.13,
        "is_per_red": false,
        "is_pbr_red": false
      }
    ],
    "daily_data": [],
    "financial_data": [
      {
        "fiscal_year": "2011/03",
        "sales": 1960.0000000000002,
        "ordinary_profit": 236.0,
        "net_profit": 124.0,
        "roe": 27.38,
        "operating_margin": 1.08
      },
      {
        "fiscal_year": "2012/03",
        "sales": 2770.0,
        "ordinary_profit": 630.0,
        "net_profit": 261.0,
        "roe": 57.59,
        "operating_margin": 1.42
      },
      {
        "fiscal_year": "2013/03",
        "sales": 4120.0,
        "ordinary_profit": 493.0,
        "net_profit": 128.0,
        "roe": 28.29
      },
      {
        "fiscal_year": "2014/03",
        "sales": 4990.0,
        "operating_profit": 933.0,
        "ordinary_profit": 903.9999999999999,
        "net_profit": 361.0,
        "eps": 376.0,
        "roe": 79.59,
        "roa": 13.28,
        "operating_margin": 1.09,
        "cost_ratio": 18.68
      },
      {
        "fiscal_year": "2015/03",
        "sales": 4970.0,
        "operating_profit": 553.0,
        "ordinary_profit": 487.0,
        "net_profit": 200.0,
        "eps": 206.0,
        "roe": 44.03,
        "roa": 6.7,
        "operating_margin": 0.52,
        "cost_ratio": 11.13
      },
      {
        "fiscal_year": "2016/03",
        "sales": 6360.0,
        "operating_profit": 1260.0,
        "ordinary_profit": 1170.0,
        "net_profit": 706.0,
        "eps": 687.0,
        "roe": 157.2,
        "roa": 16.47,
        "operating_margin": 1.5,
        "cost_ratio": 19.82
      },
      {
        "fiscal_year": "2017/03",
        "sales": 6720.0,
        "operating_profit": 1530.0,
        "ordinary_profit": 1460.0,
        "net_profit": 880.0000000000001,
        "eps": 876.0,
        "roe": 149.65,
        "roa": 17.18,
        "operating_margin": 1.43,
        "cost_ratio": 22.76
      },
      {
        "fiscal_year": "2018/03",
        "sales": 7670.0,
        "operating_profit": 2610.0,
        "ordinary_profit": 2550.0,
        "net_profit": 1710.0000000000002,
        "eps": 1700.0,
        "roe": 277.74,
        "roa": 25.48,
        "operating_margin": 2.27,
        "cost_ratio": 34.03
      },
      {
        "fiscal_year": "2019/03",
        "sales": 8380.0,
        "operating_profit": 3010.0,
        "ordinary_profit": 2970.0,
        "net_profit": 1970.0,
        "eps": 1970.0,
        "roe": 319.19,
        "roa": 22.63,
        "operating_margin": 2.79,
        "cost_ratio": 35.98
      },
      {
        "fiscal_year": "2020/03",
        "sales": 8410.0,
        "operating_profit": 3020.0,
        "ordinary_profit": 2970.0,
        "net_profit": 2080.0,
        "eps": 2060.0,
        "roe": 324.94,
        "roa": 19.71,
        "operating_margin": 2.38,
        "cost_ratio": 35.96
      },
      {
        "fiscal_year": "2021/03",
        "sales": 8730.0,
        "operating_profit": 2910.0,
        "ordinary_profit": 2860.0,
        "net_profit": 1939.9999999999998,
        "eps": 1980.0,
        "roe": 303.77,
        "roa": 15.98,
        "operating_margin": 2.13,
        "cost_ratio": 33.34
      },
      {
        "fiscal_year": "2022/03",
        "sales": 8720.0,
        "operating_profit": 2710.0,
        "ordinary_profit": 2700.0,
        "net_profit": 1839.9999999999998,
        "eps": 1870.0,
        "roe": 288.28,
        "roa": 13.16,
        "operating_margin": 1.93,
        "cost_ratio": 31.03,
        "sga_ratio": 0.09
      },
      {
        "fiscal_year": "2023/03",
        "sales": 10300.0,
        "operating_profit": 3590.0,
        "ordinary_profit": 3590.0,
        "net_profit": 2410.0,
        "eps": 2430.0,
        "roe": 380.17,
        "roa": 15.87,
        "operating_margin": 2.32,
        "cost_ratio": 34.76,
        "sga_ratio": 0.45
      },
      {
        "fiscal_year": "2024/03",
        "sales": 10700.0,
        "operating_profit": 4260.0,
        "ordinary_profit": 4260.0,
        "net_profit": 2930.0,
        "eps": 3040.0,
        "roe": 480.29,
        "roa": 16.75,
        "operating_margin": 2.46,
        "cost_ratio": 39.73,
        "sga_ratio": 0.04
      }
    ],
    "dividend_data": [
      {
        "fiscal_year": "2011/03"
      },
      {
        "fiscal_year": "2012/03"
      },
      {
        "fiscal_year": "2013/03"
      },
      {
        "fiscal_year": "2015/03"
      },
      {
        "fiscal_year": "2017/03",
        "total_dividend": 1.22
      },
      {
        "fiscal_year": "2018/03",
        "total_dividend": 1.17
      },
      {
        "fiscal_year": "2019/03",
        "total_dividend": 1.74
      },
      {
        "fiscal_year": "2020/03",
        "total_dividend": 1.94
      },
      {
        "fiscal_year": "2021/03",
        "total_dividend": 1.43
      },
      {
        "fiscal_year": "2022/03",
        "total_dividend": 1.4
      },
      {
        "fiscal_year": "2023/03",
        "total_dividend": 1.47
      },
      {
        "fiscal_year": "2024/03",
        "total_dividend": 1.47
      }
    ]
  },
  {
    "code": "7342",
    "name": "ウェルスナビ",
    "annual_data": [
      {
        "date": "2020/12/30",
        "per": -1,
        "pbr": 16.45,
        "is_per_red": true,
        "is_pbr_red": false
      },
      {
        "date": "2021/12/30",
        "per": -1,
        "pbr": 9.56,
        "is_per_red": true,
        "is_pbr_red": false
      },
      {
        "date": "2022/12/30",
        "per": 222.73,
        "pbr": 5.96,
        "is_per_red": false,
        "is_pbr_red": false
      },
      {
        "date": "2023/12/29",
        "per": 254.9,
        "pbr": 7.94,
        "is_per_red": false,
        "is_pbr_red": false
      }
    ],
    "daily_data": [],
    "financial_data": [],
    "dividend_data": [
      {
        "fiscal_year": "2019/03",
        "total_dividend": 0.0
      },
      {
        "fiscal_year": "2020/03",
        "dividend_yield": 0.0
      }
    ]
  },
  {
    "code": "7347",
    "name": "マーキュリアホールディングス",
    "annual_data": [
      {
        "date": "2021/12/30",
        "per": 7.49,
        "pbr": 0.79,
        "is_per_red": false,
        "is_pbr_red": false
      },
      {
        "date": "2022/12/30",
        "per": 7.52,
        "pbr": 0.69,
        "is_per_red": false,
        "is_pbr_red": false
      },
      {
        "date": "2023/12/29",
        "per": 12.98,
        "pbr": 0.79,
        "is_per_red": false,
        "is_pbr_red": false
      }
    ],
    "daily_data": [],
    "financial_data": [
      {
        "fiscal_year": "2021/12",
        "sales": 4170.0,
        "operating_profit": 1760.0000000000002,
        "ordinary_profit": 1820.0,
        "net_profit": 1300.0,
        "eps": 1570.0,
        "roe": 77.12,
        "roa": 8.63,
        "operating_margin": 7.24,
        "cost_ratio": 42.29
      },
      {
        "fiscal_year": "2022/12",
        "sales": 4600.0,
        "operating_profit": 2050.0,
        "ordinary_profit": 2210.0,
        "net_profit": 1560.0,
        "eps": 2480.0,
        "roe": 76.48,
        "roa": 9.4,
        "operating_margin": 7.82,
        "cost_ratio": 44.69,
        "sga_ratio": 50.89
      },
      {
        "fiscal_year": "2023/12",
        "sales": 5840.0,
        "operating_profit": 1340.0,
        "ordinary_profit": 1520.0,
        "net_profit": 1060.0,
        "eps": 1720.0,
        "roe": 53.99,
        "roa": 6.17,
        "operating_margin": 5.37,
        "cost_ratio": 23.0
      },
      {
        "fiscal_year": "2024/12",
        "sales": 5500.0,
        "operating_profit": 1400.0,
        "ordinary_profit": 1500.0,
        "net_profit": 900.0,
        "roe": 41.86,
        "roa": 5.36,
        "operating_margin": 4.52,
        "cost_ratio": 25.45
      }
    ],
    "dividend_data": []
  },
  {
    "code": "8473",
    "name": "ＳＢＩホールディングス",
    "annual_data": [
      {
        "date": "2010/03/31",
        "per": 131.79,
        "pbr": 0.86,
        "is_per_red": false,
        "is_pbr_red": false
      },
      {
        "date": "2011/03/31",
        "per": 46.06,
        "pbr": 0.52,
        "is_per_red": false,
        "is_pbr_red": false
      },
      {
        "date": "2012/03/30",
        "per": -1,
        "pbr": 0.59,
        "is_per_red": true,
        "is_pbr_red": false
      },
      {
        "date": "2013/03/29",
        "per": 48.88,
        "pbr": 0.62,
        "is_per_red": false,
        "is_pbr_red": false
      },
      {
        "date": "2014/03/31",
        "per": 12.56,
        "pbr": 0.83,
        "is_per_red": false,
        "is_pbr_red": false
      },
      {
        "date": "2015/03/31",
        "per": 6.89,
        "pbr": 0.82,
        "is_per_red": false,
        "is_pbr_red": false
      },
      {
        "date": "2016/03/31",
        "per": 7.11,
        "pbr": 0.64,
        "is_per_red": false,
        "is_pbr_red": false
      },
      {
        "date": "2017/03/31",
        "per": 9.74,
        "pbr": 0.84,
        "is_per_red": false,
        "is_pbr_red": false
      },
      {
        "date": "2018/03/30",
        "per": 11.03,
        "pbr": 1.26,
        "is_per_red": false,
        "is_pbr_red": false
      },
      {
        "date": "2019/03/29",
        "per": 10.66,
        "pbr": 1.23,
        "is_per_red": false,
        "is_pbr_red": false
      },
      {
        "date": "2020/03/31",
        "per": 9.67,
        "pbr": 0.81,
        "is_per_red": false,
        "is_pbr_red": false
      },
      {
        "date": "2021/03/31",
        "per": 8.83,
        "pbr": 1.31,
        "is_per_red": false,
        "is_pbr_red": false
      },
      {
        "date": "2022/03/31",
        "per": 2.07,
        "pbr": 0.82,
        "is_per_red": false,
        "is_pbr_red": false
      },
      {
        "date": "2023/03/31",
        "per": 19.6,
        "pbr": 0.7,
        "is_per_red": false,
        "is_pbr_red": false
      },
      {
        "date": "2024/03/29",
        "per": 12.49,
        "pbr": 0.94,
        "is_per_red": false,
        "is_pbr_red": false
      }
    ],
    "daily_data": [],
    "financial_data": [
      {
        "fiscal_year": "2008/03",
        "sales": 220000.0,
        "operating_profit": 42600.0,
        "ordinary_profit": 4230.0,
        "roe": 1.83,
        "roa": 0.35,
        "operating_margin": 19.14,
        "cost_ratio": 51.82,
        "sga_ratio": 29.03
      },
      {
        "fiscal_year": "2009/03",
        "sales": 130000.0,
        "operating_profit": 4400.0,
        "ordinary_profit": -18400.0,
        "roe": -1,
        "roa": -1,
        "operating_margin": 3.36,
        "cost_ratio": 48.6,
        "sga_ratio": 48.03
      },
      {
        "fiscal_year": "2010/03",
        "sales": 120000.0,
        "operating_profit": 3429.9999999999995,
        "ordinary_profit": 2350.0,
        "eps": 14.0,
        "roe": 0.65,
        "roa": 0.19,
        "operating_margin": 2.75,
        "cost_ratio": 47.48,
        "sga_ratio": 49.76
      },
      {
        "fiscal_year": "2011/03",
        "sales": 140000.0,
        "operating_profit": 8930.0,
        "ordinary_profit": 4530.0,
        "net_profit": -6470.0,
        "eps": 22.73,
        "roe": 1.14,
        "roa": 0.35,
        "operating_margin": 6.33,
        "cost_ratio": 47.87,
        "sga_ratio": 45.8
      },
      {
        "fiscal_year": "2012/03",
        "sales": 180000.0,
        "ordinary_profit": -312.0,
        "net_profit": -2180.0,
        "eps": -1.39,
        "roe": -1,
        "roa": -1,
        "operating_margin": 2.82
      },
      {
        "fiscal_year": "2013/03",
        "sales": 150000.0,
        "ordinary_profit": 3820.0000000000005,
        "net_profit": 11500.0,
        "eps": 17.0,
        "roe": 1.26,
        "roa": 0.15,
        "operating_margin": 15.74,
        "cost_ratio": 35.69,
        "sga_ratio": 48.57
      },
      {
        "fiscal_year": "2014/03",
        "sales": 230000.0,
        "ordinary_profit": 21400.0,
        "net_profit": 32300.0,
        "eps": 99.04,
        "roe": 6.58,
        "roa": 0.75,
        "operating_margin": 29.51,
        "cost_ratio": 29.34,
        "sga_ratio": 41.14
      },
      {
        "fiscal_year": "2015/03",
        "sales": 250000.0,
        "ordinary_profit": 45700.0,
        "net_profit": 66200.0,
        "eps": 211.18,
        "roe": 11.92,
        "roa": 1.34,
        "operating_margin": 36.93,
        "cost_ratio": 25.87,
        "sga_ratio": 37.2
      },
      {
        "fiscal_year": "2016/03",
        "sales": 260000.0,
        "ordinary_profit": 34100.0,
        "net_profit": 14800.0,
        "eps": 160.83,
        "roe": 9.18,
        "roa": 1.09,
        "operating_margin": 31.1,
        "cost_ratio": 31.97,
        "sga_ratio": 36.92
      },
      {
        "fiscal_year": "2017/03",
        "sales": 260000.0,
        "ordinary_profit": 32500.0,
        "net_profit": 38100.0,
        "eps": 159.38,
        "roe": 8.59,
        "roa": 0.84,
        "operating_margin": 25.57,
        "cost_ratio": 37.79,
        "sga_ratio": 36.64
      },
      {
        "fiscal_year": "2018/03",
        "sales": 340000.0,
        "ordinary_profit": 46700.0,
        "net_profit": 44600.0,
        "eps": 220.54,
        "roe": 10.91,
        "roa": 1.03,
        "operating_margin": 36.52,
        "cost_ratio": 33.69,
        "sga_ratio": 29.78
      },
      {
        "fiscal_year": "2019/03",
        "sales": 350000.0,
        "ordinary_profit": 52500.0,
        "net_profit": 48300.0,
        "eps": 231.43,
        "roe": 11.51,
        "roa": 1.04,
        "operating_margin": 39.99,
        "cost_ratio": 28.4,
        "sga_ratio": 31.61
      },
      {
        "fiscal_year": "2020/03",
        "sales": 370000.0,
        "ordinary_profit": 37500.0,
        "net_profit": 13500.0,
        "eps": 163.18,
        "roe": 8.3,
        "roa": 0.68,
        "operating_margin": 34.0,
        "cost_ratio": 30.08,
        "sga_ratio": 35.93
      },
      {
        "fiscal_year": "2021/03",
        "sales": 540000.0,
        "ordinary_profit": 81100.0,
        "net_profit": 105700.0,
        "eps": 339.78,
        "roe": 14.43,
        "roa": 1.13,
        "operating_margin": 43.48,
        "cost_ratio": 26.34,
        "sga_ratio": 30.18
      },
      {
        "fiscal_year": "2022/03",
        "sales": 760000.0,
        "ordinary_profit": 366900.0,
        "net_profit": 390100.0,
        "eps": 1498.55,
        "roe": 39.68,
        "roa": 2.06,
        "operating_margin": 40.85,
        "cost_ratio": 29.05,
        "sga_ratio": 30.1
      },
      {
        "fiscal_year": "2023/03",
        "sales": 960000.0,
        "ordinary_profit": 35400.0,
        "net_profit": 89300.0,
        "eps": 133.87,
        "roe": 3.49,
        "roa": 0.16,
        "operating_margin": 42.68,
        "cost_ratio": 19.36,
        "sga_ratio": 37.96
      },
      {
        "fiscal_year": "2024/03",
        "sales": 1210000.0,
        "ordinary_profit": 87200.0,
        "net_profit": 152500.0,
        "eps": 316.43,
        "roe": 6.91,
        "roa": 0.32,
        "operating_margin": 44.52,
        "cost_ratio": 21.96,
        "sga_ratio": 33.52
      }
    ],
    "dividend_data": [
      {
        "fiscal_year": "2010/03",
        "total_dividend": 100.0,
        "dividend_yield": 10.0
      },
      {
        "fiscal_year": "2011/03",
        "total_dividend": 120.0,
        "dividend_yield": 12.0
      },
      {
        "fiscal_year": "2012/03",
        "total_dividend": 100.0,
        "dividend_yield": 10.0
      },
      {
        "fiscal_year": "2013/03",
        "total_dividend": 10.0,
        "dividend_yield": 10.0
      },
      {
        "fiscal_year": "2019/03",
        "total_dividend": 100.0,
        "dividend_yield": 100.0
      },
      {
        "fiscal_year": "2020/03",
        "total_dividend": 100.0,
        "dividend_yield": 100.0
      },
      {
        "fiscal_year": "2021/03",
        "total_dividend": 120.0,
        "dividend_yield": 120.0
      },
      {
        "fiscal_year": "2022/03",
        "total_dividend": 150.0,
        "dividend_yield": 150.0
      },
      {
        "fiscal_year": "2023/03",
        "total_dividend": 150.0,
        "dividend_yield": 150.0
      }
    ]
  },
  {
    "code": "8518",
    "name": "日本アジア投資",
    "annual_data": [
      {
        "date": "2010/03/31",
        "per": -1,
        "pbr": 1.18,
        "is_per_red": true,
        "is_pbr_red": false
      },
      {
        "date": "2011/03/31",
        "per": -1,
        "pbr": 2.35,
        "is_per_red": true,
        "is_pbr_red": false
      },
      {
        "date": "2012/03/30",
        "per": -1,
        "pbr": 6.23,
        "is_per_red": true,
        "is_pbr_red": false
      },
      {
        "date": "2013/03/29",
        "per": -1,
        "pbr": 19.72,
        "is_per_red": true,
        "is_pbr_red": false
      },
      {
        "date": "2014/03/31",
        "per": 44.26,
        "pbr": 5.79,
        "is_per_red": false,
        "is_pbr_red": false
      },
      {
        "date": "2015/03/31",
        "per": -1,
        "pbr": 3.34,
        "is_per_red": true,
        "is_pbr_red": false
      },
      {
        "date": "2016/03/31",
        "per": 5.45,
        "pbr": 0.99,
        "is_per_red": false,
        "is_pbr_red": false
      },
      {
        "date": "2017/03/31",
        "per": 13.44,
        "pbr": 1.46,
        "is_per_red": false,
        "is_pbr_red": false
      },
      {
        "date": "2018/03/30",
        "per": 4.94,
        "pbr": 0.97,
        "is_per_red": false,
        "is_pbr_red": false
      },
      {
        "date": "2019/03/29",
        "per": 5.86,
        "pbr": 0.5,
        "is_per_red": false,
        "is_pbr_red": false
      },
      {
        "date": "2020/03/31",
        "per": 9.14,
        "pbr": 0.43,
        "is_per_red": false,
        "is_pbr_red": false
      },
      {
        "date": "2021/03/31",
        "per": 144.62,
        "pbr": 0.65,
        "is_per_red": false,
        "is_pbr_red": false
      },
      {
        "date": "2022/03/31",
        "per": 204.67,
        "pbr": 0.5,
        "is_per_red": false,
        "is_pbr_red": false
      },
      {
        "date": "2023/03/31",
        "per": -1,
        "pbr": 0.63,
        "is_per_red": true,
        "is_pbr_red": false
      },
      {
        "date": "2024/03/29",
        "per": -1,
        "pbr": 0.74,
        "is_per_red": true,
        "is_pbr_red": false
      }
    ],
    "daily_data": [],
    "financial_data": [],
    "dividend_data": [
      {
        "fiscal_year": "2013/03",
        "total_dividend": 0.0
      },
      {
        "fiscal_year": "2014/03",
        "total_dividend": 0.0
      },
      {
        "fiscal_year": "2015/03",
        "total_dividend": 0.0
      },
      {
        "fiscal_year": "2016/03",
        "total_dividend": 0.0
      }
    ]
  },
  {
    "code": "8595",
    "name": "ジャフコ　グループ",
    "annual_data": [
      {
        "date": "2010/03/31",
        "per": -1,
        "pbr": 1.29,
        "is_per_red": true,
        "is_pbr_red": false
      },
      {
        "date": "2011/03/31",
        "per": 44.34,
        "pbr": 1.17,
        "is_per_red": false,
        "is_pbr_red": false
      },
      {
        "date": "2012/03/30",
        "per": 15.88,
        "pbr": 0.99,
        "is_per_red": false,
        "is_pbr_red": false
      },
      {
        "date": "2013/03/29",
        "per": 23.99,
        "pbr": 1.4,
        "is_per_red": false,
        "is_pbr_red": false
      },
      {
        "date": "2014/03/31",
        "per": 11.88,
        "pbr": 1.29,
        "is_per_red": false,
        "is_pbr_red": false
      },
      {
        "date": "2015/03/31",
        "per": 7.16,
        "pbr": 1.05,
        "is_per_red": false,
        "is_pbr_red": false
      },
      {
        "date": "2016/03/31",
        "per": 9.02,
        "pbr": 0.81,
        "is_per_red": false,
        "is_pbr_red": false
      },
      {
        "date": "2017/03/31",
        "per": 14.99,
        "pbr": 0.8,
        "is_per_red": false,
        "is_pbr_red": false
      },
      {
        "date": "2018/03/30",
        "per": 7.34,
        "pbr": 0.97,
        "is_per_red": false,
        "is_pbr_red": false
      },
      {
        "date": "2019/03/29",
        "per": 12.07,
        "pbr": 0.75,
        "is_per_red": false,
        "is_pbr_red": false
      },
      {
        "date": "2020/03/31",
        "per": 7.36,
        "pbr": 0.46,
        "is_per_red": false,
        "is_pbr_red": false
      },
      {
        "date": "2021/03/31",
        "per": 5.27,
        "pbr": 0.9,
        "is_per_red": false,
        "is_pbr_red": false
      },
      {
        "date": "2022/03/31",
        "per": 9.74,
        "pbr": 0.68,
        "is_per_red": false,
        "is_pbr_red": false
      },
      {
        "date": "2023/03/31",
        "per": 3.23,
        "pbr": 0.79,
        "is_per_red": false,
        "is_pbr_red": false
      },
      {
        "date": "2024/03/29",
        "per": 13.67,
        "pbr": 0.74,
        "is_per_red": false,
        "is_pbr_red": false
      }
    ],
    "daily_data": [],
    "financial_data": [
      {
        "fiscal_year": "2008/03",
        "sales": 67900.0,
        "operating_profit": 12800.0,
        "ordinary_profit": 13400.0,
        "net_profit": 7680.0,
        "roa": 5.78,
        "operating_margin": 4.31,
        "cost_ratio": 18.86
      },
      {
        "fiscal_year": "2009/03",
        "sales": 21400.0,
        "operating_profit": -9360.0,
        "ordinary_profit": -8650.0,
        "net_profit": -17000.0,
        "roa": -1,
        "operating_margin": -1,
        "cost_ratio": -43.67
      },
      {
        "fiscal_year": "2010/03",
        "sales": 16700.0,
        "operating_profit": -4970.0,
        "ordinary_profit": -4670.0,
        "net_profit": -2180.0,
        "roe": -15.01,
        "roa": -1,
        "operating_margin": -1,
        "cost_ratio": -29.79
      },
      {
        "fiscal_year": "2011/03",
        "sales": 15100.0,
        "operating_profit": 2850.0,
        "ordinary_profit": 3200.0,
        "net_profit": 2330.0,
        "eps": -1360.0,
        "roe": 16.08,
        "roa": 2.63,
        "operating_margin": 1.75,
        "cost_ratio": 18.8
      },
      {
        "fiscal_year": "2012/03",
        "sales": 19800.0,
        "operating_profit": 2090.0,
        "ordinary_profit": 3620.0000000000005,
        "net_profit": 6110.0,
        "eps": 10800.0,
        "roe": 42.14,
        "roa": 6.22,
        "operating_margin": 4.5,
        "cost_ratio": 10.53
      },
      {
        "fiscal_year": "2013/03",
        "sales": 22100.0,
        "operating_profit": 8009.999999999999,
        "ordinary_profit": 9030.0,
        "net_profit": 6580.0,
        "eps": 15600.0,
        "roe": 45.44,
        "roa": 5.85,
        "operating_margin": 4.01,
        "cost_ratio": 36.28
      },
      {
        "fiscal_year": "2014/03",
        "sales": 44900.0,
        "operating_profit": 27300.0,
        "ordinary_profit": 28400.0,
        "net_profit": 17300.0,
        "eps": 47900.0,
        "roe": 129.91,
        "roa": 10.85,
        "operating_margin": 7.85,
        "cost_ratio": 60.82,
        "sga_ratio": 26.12
      },
      {
        "fiscal_year": "2015/03",
        "sales": 61900.0,
        "operating_profit": 38400.0,
        "ordinary_profit": 40100.0,
        "net_profit": 27700.0,
        "eps": 29900.0,
        "roe": 208.16,
        "roa": 14.73,
        "operating_margin": 11.59,
        "cost_ratio": 62.02
      },
      {
        "fiscal_year": "2016/03",
        "sales": 41200.0,
        "operating_profit": 19200.0,
        "ordinary_profit": 19800.0,
        "net_profit": 17000.0,
        "eps": 5810.0,
        "roe": 127.86,
        "roa": 8.98,
        "operating_margin": 7.94,
        "cost_ratio": 46.72,
        "sga_ratio": 40.92
      },
      {
        "fiscal_year": "2017/03",
        "sales": 27900.0,
        "operating_profit": 12300.0,
        "ordinary_profit": 13700.0,
        "net_profit": 11100.0,
        "eps": 22800.0,
        "roe": 83.19,
        "roa": 5.33,
        "operating_margin": 4.65,
        "cost_ratio": 44.24
      },
      {
        "fiscal_year": "2018/03",
        "sales": 29500.0,
        "operating_profit": 14300.0,
        "ordinary_profit": 15600.0,
        "net_profit": 24200.0,
        "eps": 18200.0,
        "roe": 229.01,
        "roa": 15.12,
        "operating_margin": 12.65,
        "cost_ratio": 48.36,
        "sga_ratio": 34.53
      },
      {
        "fiscal_year": "2019/03",
        "sales": 25900.0,
        "operating_profit": 12200.0,
        "ordinary_profit": 13400.0,
        "net_profit": 10200.0,
        "eps": 7820.0,
        "roe": 109.51,
        "roa": 6.23,
        "operating_margin": 5.52,
        "cost_ratio": 47.29,
        "sga_ratio": 40.36
      },
      {
        "fiscal_year": "2020/03",
        "sales": 29900.0,
        "operating_profit": 15000.0,
        "ordinary_profit": 17000.0,
        "net_profit": 11800.0,
        "eps": 28600.0,
        "roe": 127.59,
        "roa": 6.29,
        "operating_margin": 5.33,
        "cost_ratio": 50.14,
        "sga_ratio": 38.18
      },
      {
        "fiscal_year": "2021/03",
        "sales": 21500.0,
        "operating_profit": 8960.0,
        "ordinary_profit": 11700.0,
        "net_profit": 38500.0,
        "eps": 40700.0,
        "roe": 416.48,
        "roa": 17.89,
        "operating_margin": 14.67,
        "cost_ratio": 41.67
      },
      {
        "fiscal_year": "2022/03",
        "sales": 27700.0,
        "operating_profit": 16900.0,
        "ordinary_profit": 18400.0,
        "net_profit": 15100.0,
        "eps": 25700.0,
        "roe": 192.5,
        "roa": 7.64,
        "operating_margin": 6.47,
        "cost_ratio": 60.97
      },
      {
        "fiscal_year": "2023/03",
        "sales": 14100.0,
        "operating_profit": -4410.0,
        "ordinary_profit": -3050.0,
        "net_profit": 40600.0,
        "eps": -20800.0,
        "roe": 586.91,
        "roa": 31.03,
        "operating_margin": 25.38,
        "cost_ratio": -31.37
      },
      {
        "fiscal_year": "2024/03",
        "sales": 24400.0,
        "operating_profit": 8180.0,
        "ordinary_profit": 8820.0,
        "net_profit": 7490.000000000001,
        "eps": 14900.0,
        "roe": 137.63,
        "roa": 5.44,
        "operating_margin": 4.53,
        "cost_ratio": 33.45,
        "sga_ratio": 50.07
      }
    ],
    "dividend_data": [
      {
        "fiscal_year": "2010/03",
        "total_dividend": 16.67,
        "dividend_yield": 2.04
      },
      {
        "fiscal_year": "2011/03",
        "total_dividend": 8.33,
        "dividend_yield": 1.17
      },
      {
        "fiscal_year": "2012/03",
        "total_dividend": 8.33,
        "dividend_yield": 1.25
      },
      {
        "fiscal_year": "2013/03",
        "total_dividend": 8.33,
        "dividend_yield": 0.76
      },
      {
        "fiscal_year": "2014/03",
        "total_dividend": 8.33,
        "dividend_yield": 0.54
      },
      {
        "fiscal_year": "2016/03",
        "total_dividend": 33.33,
        "dividend_yield": 2.89
      },
      {
        "fiscal_year": "2017/03",
        "total_dividend": 33.33,
        "dividend_yield": 2.67
      },
      {
        "fiscal_year": "2018/03",
        "total_dividend": 35.67,
        "dividend_yield": 2.12
      },
      {
        "fiscal_year": "2019/03",
        "total_dividend": 37.33,
        "dividend_yield": 2.82
      },
      {
        "fiscal_year": "2020/03",
        "total_dividend": 39.33,
        "dividend_yield": 4.19
      },
      {
        "fiscal_year": "2021/03",
        "total_dividend": 46.0,
        "dividend_yield": 2.1
      },
      {
        "fiscal_year": "2022/03",
        "total_dividend": 51.0,
        "dividend_yield": 2.72
      },
      {
        "fiscal_year": "2024/03",
        "total_dividend": 69.0,
        "dividend_yield": 3.67
      }
    ]
  },
  {
    "code": "8601",
    "name": "大和証券グループ本社",
    "annual_data": [
      {
        "date": "2010/03/31",
        "per": 19.81,
        "pbr": 0.93,
        "is_per_red": false,
        "is_pbr_red": false
      },
      {
        "date": "2011/03/31",
        "per": -1,
        "pbr": 0.8,
        "is_per_red": true,
        "is_pbr_red": false
      },
      {
        "date": "2012/03/30",
        "per": -1,
        "pbr": 0.73,
        "is_per_red": true,
        "is_pbr_red": false
      },
      {
        "date": "2013/03/29",
        "per": 15.74,
        "pbr": 1.26,
        "is_per_red": false,
        "is_pbr_red": false
      },
      {
        "date": "2014/03/31",
        "per": 9.01,
        "pbr": 1.42,
        "is_per_red": false,
        "is_pbr_red": false
      },
      {
        "date": "2015/03/31",
        "per": 10.86,
        "pbr": 1.3,
        "is_per_red": false,
        "is_pbr_red": false
      },
      {
        "date": "2016/03/31",
        "per": 10.14,
        "pbr": 0.96,
        "is_per_red": false,
        "is_pbr_red": false
      },
      {
        "date": "2017/03/31",
        "per": 11.02,
        "pbr": 0.91,
        "is_per_red": false,
        "is_pbr_red": false
      },
      {
        "date": "2018/03/30",
        "per": 10.15,
        "pbr": 0.86,
        "is_per_red": false,
        "is_pbr_red": false
      },
      {
        "date": "2019/03/29",
        "per": 13.49,
        "pbr": 0.68,
        "is_per_red": false,
        "is_pbr_red": false
      },
      {
        "date": "2020/03/31",
        "per": 10.71,
        "pbr": 0.53,
        "is_per_red": false,
        "is_pbr_red": false
      },
      {
        "date": "2021/03/31",
        "per": 8.03,
        "pbr": 0.65,
        "is_per_red": false,
        "is_pbr_red": false
      },
      {
        "date": "2022/03/31",
        "per": 10.99,
        "pbr": 0.75,
        "is_per_red": false,
        "is_pbr_red": false
      },
      {
        "date": "2023/03/31",
        "per": 14.27,
        "pbr": 0.64,
        "is_per_red": false,
        "is_pbr_red": false
      },
      {
        "date": "2024/03/29",
        "per": 13.55,
        "pbr": 1.06,
        "is_per_red": false,
        "is_pbr_red": false
      }
    ],
    "daily_data": [],
    "financial_data": [],
    "dividend_data": [
      {
        "fiscal_year": "2010/03",
        "total_dividend": 13.0,
        "dividend_yield": 2.64
      },
      {
        "fiscal_year": "2011/03",
        "total_dividend": 6.0,
        "dividend_yield": 1.57
      },
      {
        "fiscal_year": "2012/03",
        "total_dividend": 6.0,
        "dividend_yield": 1.83
      },
      {
        "fiscal_year": "2013/03",
        "total_dividend": 15.0,
        "dividend_yield": 2.29
      },
      {
        "fiscal_year": "2014/03",
        "total_dividend": 34.0,
        "dividend_yield": 3.79
      },
      {
        "fiscal_year": "2015/03",
        "total_dividend": 30.0,
        "dividend_yield": 3.17
      },
      {
        "fiscal_year": "2016/03",
        "total_dividend": 29.0,
        "dividend_yield": 4.19
      },
      {
        "fiscal_year": "2017/03",
        "total_dividend": 26.0,
        "dividend_yield": 3.83
      },
      {
        "fiscal_year": "2018/03",
        "total_dividend": 28.0,
        "dividend_yield": 4.12
      },
      {
        "fiscal_year": "2019/03",
        "total_dividend": 21.0,
        "dividend_yield": 3.9
      },
      {
        "fiscal_year": "2020/03",
        "total_dividend": 20.0,
        "dividend_yield": 4.77
      },
      {
        "fiscal_year": "2021/03",
        "total_dividend": 36.0,
        "dividend_yield": 6.29
      },
      {
        "fiscal_year": "2022/03",
        "total_dividend": 33.0,
        "dividend_yield": 4.76
      },
      {
        "fiscal_year": "2023/03",
        "total_dividend": 23.0,
        "dividend_yield": 3.7
      },
      {
        "fiscal_year": "2024/03",
        "total_dividend": 44.0,
        "dividend_yield": 3.82
      }
    ]
  },
  {
    "code": "8604",
    "name": "野村ホールディングス",
    "annual_data": [
      {
        "date": "2010/03/31",
        "per": 37.79,
        "pbr": 1.44,
        "is_per_red": false,
        "is_pbr_red": false
      },
      {
        "date": "2011/03/31",
        "per": 56.42,
        "pbr": 0.93,
        "is_per_red": false,
        "is_pbr_red": false
      },
      {
        "date": "2012/03/30",
        "per": 120.79,
        "pbr": 0.78,
        "is_per_red": false,
        "is_pbr_red": false
      },
      {
        "date": "2013/03/29",
        "per": 20.57,
        "pbr": 0.96,
        "is_per_red": false,
        "is_pbr_red": false
      },
      {
        "date": "2014/03/31",
        "per": 11.5,
        "pbr": 0.98,
        "is_per_red": false,
        "is_pbr_red": false
      },
      {
        "date": "2015/03/31",
        "per": 11.45,
        "pbr": 0.94,
        "is_per_red": false,
        "is_pbr_red": false
      },
      {
        "date": "2016/03/31",
        "per": 13.77,
        "pbr": 0.67,
        "is_per_red": false,
        "is_pbr_red": false
      },
      {
        "date": "2017/03/31",
        "per": 10.28,
        "pbr": 0.88,
        "is_per_red": false,
        "is_pbr_red": false
      },
      {
        "date": "2018/03/30",
        "per": 9.74,
        "pbr": 0.76,
        "is_per_red": false,
        "is_pbr_red": false
      },
      {
        "date": "2019/03/29",
        "per": -1,
        "pbr": 0.5,
        "is_per_red": true,
        "is_pbr_red": false
      },
      {
        "date": "2020/03/31",
        "per": 6.76,
        "pbr": 0.52,
        "is_per_red": false,
        "is_pbr_red": false
      },
      {
        "date": "2021/03/31",
        "per": 11.59,
        "pbr": 0.66,
        "is_per_red": false,
        "is_pbr_red": false
      },
      {
        "date": "2022/03/31",
        "per": 11.03,
        "pbr": 0.53,
        "is_per_red": false,
        "is_pbr_red": false
      },
      {
        "date": "2023/03/31",
        "per": 16.53,
        "pbr": 0.49,
        "is_per_red": false,
        "is_pbr_red": false
      }
    ],
    "daily_data": [],
    "financial_data": [],
    "dividend_data": [
      {
        "fiscal_year": "2010/03",
        "total_dividend": 8.0,
        "dividend_yield": 1.16
      },
      {
        "fiscal_year": "2011/03",
        "total_dividend": 8.0,
        "dividend_yield": 1.84
      },
      {
        "fiscal_year": "2012/03",
        "total_dividend": 6.0,
        "dividend_yield": 1.64
      },
      {
        "fiscal_year": "2013/03",
        "total_dividend": 8.0,
        "dividend_yield": 1.39
      },
      {
        "fiscal_year": "2014/03",
        "total_dividend": 17.0,
        "dividend_yield": 2.57
      },
      {
        "fiscal_year": "2015/03",
        "total_dividend": 19.0,
        "dividend_yield": 2.69
      },
      {
        "fiscal_year": "2016/03",
        "total_dividend": 13.0,
        "dividend_yield": 2.58
      },
      {
        "fiscal_year": "2017/03",
        "total_dividend": 20.0,
        "dividend_yield": 2.89
      },
      {
        "fiscal_year": "2018/03",
        "total_dividend": 20.0,
        "dividend_yield": 3.25
      },
      {
        "fiscal_year": "2019/03",
        "total_dividend": 6.0,
        "dividend_yield": 1.5
      },
      {
        "fiscal_year": "2020/03",
        "total_dividend": 20.0,
        "dividend_yield": 4.37
      },
      {
        "fiscal_year": "2021/03",
        "total_dividend": 35.0,
        "dividend_yield": 6.02
      },
      {
        "fiscal_year": "2022/03",
        "total_dividend": 22.0,
        "dividend_yield": 4.27
      },
      {
        "fiscal_year": "2023/03",
        "total_dividend": 17.0,
        "dividend_yield": 3.33
      },
      {
        "fiscal_year": "2024/03",
        "total_dividend": 23.0,
        "dividend_yield": 2.35
      }
    ]
  },
  {
    "code": "8609",
    "name": "岡三証券グループ",
    "annual_data": [
      {
        "date": "2010/03/31",
        "per": 33.41,
        "pbr": 0.97,
        "is_per_red": false,
        "is_pbr_red": false
      },
      {
        "date": "2011/03/31",
        "per": 102.93,
        "pbr": 0.71,
        "is_per_red": false,
        "is_pbr_red": false
      },
      {
        "date": "2012/03/30",
        "per": 73.94,
        "pbr": 0.79,
        "is_per_red": false,
        "is_pbr_red": false
      },
      {
        "date": "2013/03/29",
        "per": 12.86,
        "pbr": 1.64,
        "is_per_red": false,
        "is_pbr_red": false
      },
      {
        "date": "2014/03/31",
        "per": 9.96,
        "pbr": 1.34,
        "is_per_red": false,
        "is_pbr_red": false
      },
      {
        "date": "2015/03/31",
        "per": 13.41,
        "pbr": 1.31,
        "is_per_red": false,
        "is_pbr_red": false
      },
      {
        "date": "2016/03/31",
        "per": 10.51,
        "pbr": 0.79,
        "is_per_red": false,
        "is_pbr_red": false
      },
      {
        "date": "2017/03/31",
        "per": 12.83,
        "pbr": 0.86,
        "is_per_red": false,
        "is_pbr_red": false
      },
      {
        "date": "2018/03/30",
        "per": 21.52,
        "pbr": 0.8,
        "is_per_red": false,
        "is_pbr_red": false
      },
      {
        "date": "2019/03/29",
        "per": 95.58,
        "pbr": 0.54,
        "is_per_red": false,
        "is_pbr_red": false
      },
      {
        "date": "2020/03/31",
        "per": 18.68,
        "pbr": 0.43,
        "is_per_red": false,
        "is_pbr_red": false
      },
      {
        "date": "2021/03/31",
        "per": 14.83,
        "pbr": 0.53,
        "is_per_red": false,
        "is_pbr_red": false
      },
      {
        "date": "2022/03/31",
        "per": 7.27,
        "pbr": 0.44,
        "is_per_red": false,
        "is_pbr_red": false
      },
      {
        "date": "2023/03/31",
        "per": 181.85,
        "pbr": 0.56,
        "is_per_red": false,
        "is_pbr_red": false
      },
      {
        "date": "2024/03/29",
        "per": 12.71,
        "pbr": 0.83,
        "is_per_red": false,
        "is_pbr_red": false
      }
    ],
    "daily_data": [],
    "financial_data": [
      {
        "fiscal_year": "2008/03",
        "sales": 72300.0,
        "operating_profit": 11900.0,
        "ordinary_profit": 14800.0,
        "net_profit": 5620.0,
        "roa": 5.49,
        "operating_margin": 0.98,
        "cost_ratio": 16.5,
        "sga_ratio": 79.8
      },
      {
        "fiscal_year": "2009/03",
        "sales": 55600.0,
        "operating_profit": -2270.0,
        "ordinary_profit": -1300.0,
        "net_profit": -1880.0,
        "roa": -1,
        "operating_margin": -1,
        "cost_ratio": -4.09,
        "sga_ratio": 100.0
      },
      {
        "fiscal_year": "2010/03",
        "sales": 66200.0,
        "operating_profit": 7750.0,
        "ordinary_profit": 8250.0,
        "net_profit": 2790.0,
        "roe": 13.38,
        "roa": 2.89,
        "operating_margin": 0.56,
        "cost_ratio": 11.7,
        "sga_ratio": 85.49
      },
      {
        "fiscal_year": "2011/03",
        "sales": 63000.0,
        "operating_profit": 3410.0,
        "ordinary_profit": 4470.0,
        "net_profit": 640.0,
        "eps": -132.0,
        "roe": 3.07,
        "roa": 0.69,
        "operating_margin": 0.12,
        "cost_ratio": 5.41,
        "sga_ratio": 91.9
      },
      {
        "fiscal_year": "2012/03",
        "sales": 61100.0,
        "operating_profit": 3150.0,
        "ordinary_profit": 3890.0,
        "net_profit": 983.0,
        "eps": 1770.0,
        "roe": 4.72,
        "roa": 1.06,
        "operating_margin": 0.18,
        "cost_ratio": 5.16,
        "sga_ratio": 92.22
      },
      {
        "fiscal_year": "2013/03",
        "sales": 78700.0,
        "operating_profit": 18100.0,
        "ordinary_profit": 18800.0,
        "net_profit": 14300.0,
        "eps": 23300.0,
        "roe": 68.72,
        "roa": 12.76,
        "operating_margin": 1.98,
        "cost_ratio": 23.03,
        "sga_ratio": 75.03
      },
      {
        "fiscal_year": "2014/03",
        "sales": 101400.0,
        "operating_profit": 32700.0,
        "ordinary_profit": 34300.0,
        "net_profit": 17300.0,
        "eps": 22900.0,
        "roe": 87.24,
        "roa": 13.42,
        "operating_margin": 2.82,
        "cost_ratio": 32.28,
        "sga_ratio": 66.34
      },
      {
        "fiscal_year": "2015/03",
        "sales": 94600.0,
        "operating_profit": 26300.0,
        "ordinary_profit": 27200.0,
        "net_profit": 14100.0,
        "eps": 23500.0,
        "roe": 71.2,
        "roa": 9.78,
        "operating_margin": 2.17,
        "cost_ratio": 27.79,
        "sga_ratio": 70.91
      },
      {
        "fiscal_year": "2016/03",
        "sales": 82900.0,
        "operating_profit": 14200.0,
        "ordinary_profit": 17400.0,
        "net_profit": 11100.0,
        "eps": 8230.0,
        "roe": 55.94,
        "roa": 7.56,
        "operating_margin": 2.15,
        "cost_ratio": 17.07,
        "sga_ratio": 81.35
      },
      {
        "fiscal_year": "2017/03",
        "sales": 80600.0,
        "operating_profit": 14200.0,
        "ordinary_profit": 15400.0,
        "net_profit": 10500.0,
        "eps": 13100.0,
        "roe": 52.93,
        "roa": 6.69,
        "operating_margin": 1.9,
        "cost_ratio": 17.55,
        "sga_ratio": 80.98
      },
      {
        "fiscal_year": "2018/03",
        "sales": 81900.0,
        "operating_profit": 11700.0,
        "ordinary_profit": 12800.0,
        "net_profit": 5850.0,
        "eps": 6620.0,
        "roe": 29.55,
        "roa": 3.73,
        "operating_margin": 1.23,
        "cost_ratio": 14.31,
        "sga_ratio": 84.27
      },
      {
        "fiscal_year": "2019/03",
        "sales": 67900.0,
        "operating_profit": 1839.9999999999998,
        "ordinary_profit": 2900.0,
        "net_profit": 852.9999999999999,
        "eps": -193.0,
        "roe": 4.3,
        "roa": 0.57,
        "operating_margin": 0.2,
        "cost_ratio": 2.71,
        "sga_ratio": 95.71
      },
      {
        "fiscal_year": "2020/03",
        "sales": 65000.0,
        "operating_profit": 2070.0,
        "ordinary_profit": 5490.0,
        "net_profit": 3629.9999999999995,
        "eps": 1019.9999999999999,
        "roe": 18.31,
        "roa": 2.33,
        "operating_margin": 0.82,
        "cost_ratio": 3.19,
        "sga_ratio": 95.3
      },
      {
        "fiscal_year": "2021/03",
        "sales": 67300.0,
        "operating_profit": 5110.0,
        "ordinary_profit": 7430.0,
        "net_profit": 6020.0,
        "eps": 14800.0,
        "roe": 30.42,
        "roa": 3.58,
        "operating_margin": 0.77,
        "cost_ratio": 7.59,
        "sga_ratio": 90.7
      },
      {
        "fiscal_year": "2022/03",
        "sales": 73900.0,
        "operating_profit": 5150.0,
        "ordinary_profit": 6900.0,
        "net_profit": 10100.0,
        "eps": 2500.0,
        "roe": 50.89,
        "roa": 6.0,
        "operating_margin": 1.23,
        "cost_ratio": 6.96,
        "sga_ratio": 91.44
      },
      {
        "fiscal_year": "2023/03",
        "sales": 66600.0,
        "operating_profit": -1030.0,
        "ordinary_profit": 421.0,
        "net_profit": 529.0,
        "eps": 1090.0,
        "roe": 2.59,
        "roa": 0.31,
        "operating_margin": 0.06,
        "cost_ratio": -1.55,
        "sga_ratio": 99.08
      },
      {
        "fiscal_year": "2024/03",
        "sales": 84500.0,
        "operating_profit": 16100.0,
        "ordinary_profit": 18100.0,
        "net_profit": 13200.0,
        "eps": 34600.0,
        "roe": 64.29,
        "roa": 6.62,
        "operating_margin": 1.09,
        "cost_ratio": 19.06,
        "sga_ratio": 78.62
      }
    ],
    "dividend_data": [
      {
        "fiscal_year": "2010/03",
        "total_dividend": 1.68
      },
      {
        "fiscal_year": "2011/03",
        "total_dividend": 1.58
      },
      {
        "fiscal_year": "2012/03",
        "total_dividend": 1.43
      },
      {
        "fiscal_year": "2013/03",
        "total_dividend": 2.26
      }
    ]
  },
  {
    "code": "8613",
    "name": "丸三証券",
    "annual_data": [
      {
        "date": "2010/03/31",
        "per": 28.45,
        "pbr": 0.94,
        "is_per_red": false,
        "is_pbr_red": false
      },
      {
        "date": "2011/03/31",
        "per": -1,
        "pbr": 0.67,
        "is_per_red": true,
        "is_pbr_red": false
      },
      {
        "date": "2012/03/30",
        "per": -1,
        "pbr": 0.64,
        "is_per_red": true,
        "is_pbr_red": false
      },
      {
        "date": "2013/03/29",
        "per": 16.88,
        "pbr": 1.05,
        "is_per_red": false,
        "is_pbr_red": false
      },
      {
        "date": "2014/03/31",
        "per": 9.11,
        "pbr": 1.11,
        "is_per_red": false,
        "is_pbr_red": false
      },
      {
        "date": "2015/03/31",
        "per": 17.02,
        "pbr": 1.48,
        "is_per_red": false,
        "is_pbr_red": false
      },
      {
        "date": "2016/03/31",
        "per": 25.59,
        "pbr": 1.38,
        "is_per_red": false,
        "is_pbr_red": false
      },
      {
        "date": "2017/03/31",
        "per": 76.5,
        "pbr": 1.27,
        "is_per_red": false,
        "is_pbr_red": false
      },
      {
        "date": "2018/03/30",
        "per": 28.34,
        "pbr": 1.43,
        "is_per_red": false,
        "is_pbr_red": false
      },
      {
        "date": "2019/03/29",
        "per": 82.68,
        "pbr": 1.02,
        "is_per_red": false,
        "is_pbr_red": false
      },
      {
        "date": "2020/03/31",
        "per": 38.04,
        "pbr": 0.72,
        "is_per_red": false,
        "is_pbr_red": false
      },
      {
        "date": "2021/03/31",
        "per": 10.29,
        "pbr": 0.93,
        "is_per_red": false,
        "is_pbr_red": false
      },
      {
        "date": "2022/03/31",
        "per": 11.72,
        "pbr": 0.71,
        "is_per_red": false,
        "is_pbr_red": false
      },
      {
        "date": "2023/03/31",
        "per": 36.03,
        "pbr": 0.61,
        "is_per_red": false,
        "is_pbr_red": false
      },
      {
        "date": "2024/03/29",
        "per": 24.22,
        "pbr": 1.36,
        "is_per_red": false,
        "is_pbr_red": false
      }
    ],
    "daily_data": [],
    "financial_data": [
      {
        "fiscal_year": "2008/03",
        "sales": 19900.0,
        "operating_profit": 3320.0000000000005,
        "ordinary_profit": 3690.0,
        "net_profit": 1660.0000000000002,
        "roa": 3.35,
        "operating_margin": 1.89,
        "cost_ratio": 16.71,
        "sga_ratio": 81.61
      },
      {
        "fiscal_year": "2009/03",
        "sales": 13100.0,
        "operating_profit": -2450.0,
        "ordinary_profit": -2080.0,
        "net_profit": -2360.0,
        "roa": -1,
        "operating_margin": -1,
        "cost_ratio": -18.72,
        "sga_ratio": 116.82
      },
      {
        "fiscal_year": "2010/03",
        "sales": 16800.0,
        "operating_profit": 1590.0,
        "ordinary_profit": 1810.0000000000002,
        "net_profit": 1510.0,
        "roe": 20.0,
        "roa": 3.32,
        "operating_margin": 1.87,
        "cost_ratio": 9.44,
        "sga_ratio": 89.49
      },
      {
        "fiscal_year": "2011/03",
        "sales": 14900.0,
        "operating_profit": -153.0,
        "ordinary_profit": 141.0,
        "net_profit": -92.0,
        "eps": -520.0,
        "roe": -1.29,
        "roa": -1,
        "operating_margin": -1,
        "cost_ratio": -1.02,
        "sga_ratio": 100.16
      },
      {
        "fiscal_year": "2012/03",
        "sales": 14500.0,
        "operating_profit": -772.0,
        "ordinary_profit": -312.0,
        "net_profit": -797.0,
        "eps": -668.0,
        "roe": -11.16,
        "roa": -1,
        "operating_margin": -1,
        "cost_ratio": -5.34,
        "sga_ratio": 104.61
      },
      {
        "fiscal_year": "2013/03",
        "sales": 17700.0,
        "operating_profit": 2940.0,
        "ordinary_profit": 3200.0,
        "net_profit": 2870.0,
        "eps": 5500.0,
        "roe": 41.4,
        "roa": 6.23,
        "operating_margin": 3.41,
        "cost_ratio": 16.66,
        "sga_ratio": 82.77
      },
      {
        "fiscal_year": "2014/03",
        "sales": 23200.0,
        "operating_profit": 7420.0,
        "ordinary_profit": 7820.0,
        "net_profit": 6150.0,
        "eps": 6160.0,
        "roe": 92.95,
        "roa": 12.18,
        "operating_margin": 6.8,
        "cost_ratio": 32.01,
        "sga_ratio": 67.6
      },
      {
        "fiscal_year": "2015/03",
        "sales": 20300.0,
        "operating_profit": 4910.0,
        "ordinary_profit": 5220.0,
        "net_profit": 4790.0,
        "eps": 6740.000000000001,
        "roe": 72.27,
        "roa": 8.73,
        "operating_margin": 4.78,
        "cost_ratio": 24.23,
        "sga_ratio": 75.24
      },
      {
        "fiscal_year": "2016/03",
        "sales": 18200.0,
        "operating_profit": 2750.0,
        "ordinary_profit": 3120.0,
        "net_profit": 2750.0,
        "eps": 1580.0,
        "roe": 41.43,
        "roa": 5.39,
        "operating_margin": 3.28,
        "cost_ratio": 15.11,
        "sga_ratio": 84.33
      },
      {
        "fiscal_year": "2017/03",
        "sales": 15700.0,
        "operating_profit": 657.0,
        "ordinary_profit": 1010.0,
        "net_profit": 797.0,
        "eps": 1050.0,
        "roe": 12.0,
        "roa": 1.65,
        "operating_margin": 0.9,
        "cost_ratio": 4.19,
        "sga_ratio": 95.01
      },
      {
        "fiscal_year": "2018/03",
        "sales": 19000.0,
        "operating_profit": 3040.0,
        "ordinary_profit": 3410.0,
        "net_profit": 2370.0,
        "eps": 3210.0,
        "roe": 35.6,
        "roa": 5.03,
        "operating_margin": 2.58,
        "cost_ratio": 16.01,
        "sga_ratio": 83.29
      },
      {
        "fiscal_year": "2019/03",
        "sales": 15600.0,
        "operating_profit": 68.0,
        "ordinary_profit": 570.0,
        "net_profit": 526.0,
        "eps": -601.0,
        "roe": 7.91,
        "roa": 1.24,
        "operating_margin": 0.65,
        "cost_ratio": 0.43,
        "sga_ratio": 98.93
      },
      {
        "fiscal_year": "2020/03",
        "sales": 16500.0,
        "operating_profit": 1019.9999999999999,
        "ordinary_profit": 1520.0,
        "net_profit": 792.0,
        "eps": 774.0,
        "roe": 11.91,
        "roa": 1.89,
        "operating_margin": 0.95,
        "cost_ratio": 6.15,
        "sga_ratio": 93.1
      },
      {
        "fiscal_year": "2021/03",
        "sales": 19200.0,
        "operating_profit": 3660.0,
        "ordinary_profit": 4090.0,
        "net_profit": 4160.0,
        "eps": 5600.0,
        "roe": 62.49,
        "roa": 9.0,
        "operating_margin": 4.18,
        "cost_ratio": 19.08,
        "sga_ratio": 80.35
      },
      {
        "fiscal_year": "2022/03",
        "sales": 18700.0,
        "operating_profit": 3220.0000000000005,
        "ordinary_profit": 3650.0,
        "net_profit": 2830.0,
        "eps": 2790.0,
        "roe": 42.5,
        "roa": 6.03,
        "operating_margin": 3.11,
        "cost_ratio": 17.24,
        "sga_ratio": 82.39
      },
      {
        "fiscal_year": "2023/03",
        "sales": 14900.0,
        "operating_profit": 379.0,
        "ordinary_profit": 852.0,
        "net_profit": 778.0,
        "eps": 523.0,
        "roe": 11.85,
        "roa": 1.7,
        "operating_margin": 1.15,
        "cost_ratio": 2.54,
        "sga_ratio": 97.06
      },
      {
        "fiscal_year": "2024/03",
        "sales": 18600.0,
        "operating_profit": 3690.0,
        "ordinary_profit": 4190.0,
        "net_profit": 2930.0,
        "eps": 8290.0,
        "roe": 44.55,
        "roa": 5.59,
        "operating_margin": 3.48,
        "cost_ratio": 19.85,
        "sga_ratio": 79.86
      }
    ],
    "dividend_data": [
      {
        "fiscal_year": "2010/03",
        "total_dividend": 10.0,
        "dividend_yield": 1.76
      },
      {
        "fiscal_year": "2011/03",
        "total_dividend": 5.0,
        "dividend_yield": 1.23
      },
      {
        "fiscal_year": "2012/03",
        "total_dividend": 5.0,
        "dividend_yield": 1.34
      },
      {
        "fiscal_year": "2013/03",
        "total_dividend": 13.5,
        "dividend_yield": 1.93
      },
      {
        "fiscal_year": "2017/03",
        "total_dividend": 50.0,
        "dividend_yield": 5.45
      },
      {
        "fiscal_year": "2018/03",
        "total_dividend": 65.0,
        "dividend_yield": 6.44
      }
    ]
  },
  {
    "code": "8614",
    "name": "東洋証券",
    "annual_data": [
      {
        "date": "2010/03/31",
        "per": -1,
        "pbr": 0.53,
        "is_per_red": true,
        "is_pbr_red": false
      },
      {
        "date": "2011/03/31",
        "per": -1,
        "pbr": 0.37,
        "is_per_red": true,
        "is_pbr_red": false
      },
      {
        "date": "2012/03/30",
        "per": 30.6,
        "pbr": 0.63,
        "is_per_red": false,
        "is_pbr_red": false
      },
      {
        "date": "2013/03/29",
        "per": 28.88,
        "pbr": 0.97,
        "is_per_red": false,
        "is_pbr_red": false
      },
      {
        "date": "2014/03/31",
        "per": 9.63,
        "pbr": 0.75,
        "is_per_red": false,
        "is_pbr_red": false
      },
      {
        "date": "2015/03/31",
        "per": 10.71,
        "pbr": 0.72,
        "is_per_red": false,
        "is_pbr_red": false
      },
      {
        "date": "2016/03/31",
        "per": 14.6,
        "pbr": 0.56,
        "is_per_red": false,
        "is_pbr_red": false
      },
      {
        "date": "2017/03/31",
        "per": 32.13,
        "pbr": 0.52,
        "is_per_red": false,
        "is_pbr_red": false
      },
      {
        "date": "2018/03/30",
        "per": 13.2,
        "pbr": 0.56,
        "is_per_red": false,
        "is_pbr_red": false
      },
      {
        "date": "2019/03/29",
        "per": -1,
        "pbr": 0.31,
        "is_per_red": true,
        "is_pbr_red": false
      },
      {
        "date": "2020/03/31",
        "per": -1,
        "pbr": 0.29,
        "is_per_red": true,
        "is_pbr_red": false
      },
      {
        "date": "2021/03/31",
        "per": 16.3,
        "pbr": 0.4,
        "is_per_red": false,
        "is_pbr_red": false
      },
      {
        "date": "2022/03/31",
        "per": 13.53,
        "pbr": 0.31,
        "is_per_red": false,
        "is_pbr_red": false
      },
      {
        "date": "2023/03/31",
        "per": -1,
        "pbr": 0.74,
        "is_per_red": true,
        "is_pbr_red": false
      },
      {
        "date": "2024/03/29",
        "per": 23.78,
        "pbr": 0.79,
        "is_per_red": false,
        "is_pbr_red": false
      }
    ],
    "daily_data": [],
    "financial_data": [
      {
        "fiscal_year": "2008/03",
        "sales": 23000.0,
        "operating_profit": 6160.0,
        "ordinary_profit": 6590.000000000001,
        "net_profit": 3240.0,
        "roa": 8.22,
        "operating_margin": 3.49,
        "cost_ratio": 26.79,
        "sga_ratio": 70.66
      },
      {
        "fiscal_year": "2009/03",
        "sales": 11700.0,
        "operating_profit": -3090.0,
        "ordinary_profit": -2740.0,
        "net_profit": -3020.0,
        "roa": -1,
        "operating_margin": -1,
        "cost_ratio": -26.38,
        "sga_ratio": 123.09
      },
      {
        "fiscal_year": "2010/03",
        "sales": 13000.0,
        "operating_profit": -729.0,
        "ordinary_profit": -436.00000000000006,
        "net_profit": -246.0,
        "roe": -2.69,
        "roa": -1,
        "operating_margin": -1,
        "cost_ratio": -5.61,
        "sga_ratio": 103.3
      },
      {
        "fiscal_year": "2011/03",
        "sales": 12900.0,
        "operating_profit": -225.99999999999997,
        "ordinary_profit": 70.0,
        "net_profit": -122.0,
        "eps": -969.9999999999999,
        "roe": -1.34,
        "roa": -1,
        "operating_margin": -1,
        "cost_ratio": -1.75,
        "sga_ratio": 99.79
      },
      {
        "fiscal_year": "2012/03",
        "sales": 13400.0,
        "operating_profit": 623.0,
        "ordinary_profit": 976.0,
        "net_profit": 681.0,
        "eps": 1040.0,
        "roe": 7.45,
        "roa": 2.05,
        "operating_margin": 0.93,
        "cost_ratio": 4.65,
        "sga_ratio": 93.78
      },
      {
        "fiscal_year": "2013/03",
        "sales": 12900.0,
        "operating_profit": 566.0,
        "ordinary_profit": 877.9999999999999,
        "net_profit": 1240.0,
        "eps": 4390.0,
        "roe": 13.61,
        "roa": 3.35,
        "operating_margin": 1.48,
        "cost_ratio": 4.39,
        "sga_ratio": 94.19
      },
      {
        "fiscal_year": "2014/03",
        "sales": 16000.0,
        "operating_profit": 3180.0,
        "ordinary_profit": 3590.0,
        "net_profit": 3180.0,
        "eps": 3720.0000000000005,
        "roe": 36.66,
        "roa": 7.94,
        "operating_margin": 3.27,
        "cost_ratio": 19.85,
        "sga_ratio": 78.85
      },
      {
        "fiscal_year": "2015/03",
        "sales": 15100.0,
        "operating_profit": 2880.0,
        "ordinary_profit": 3479.9999999999995,
        "net_profit": 2940.0,
        "eps": 4920.0,
        "roe": 34.75,
        "roa": 6.84,
        "operating_margin": 3.0,
        "cost_ratio": 18.98,
        "sga_ratio": 79.66
      },
      {
        "fiscal_year": "2016/03",
        "sales": 13500.0,
        "operating_profit": 1120.0,
        "ordinary_profit": 1830.0,
        "net_profit": 1580.0,
        "eps": -301.0,
        "roe": 19.25,
        "roa": 3.88,
        "operating_margin": 1.96,
        "cost_ratio": 8.27,
        "sga_ratio": 90.44
      },
      {
        "fiscal_year": "2017/03",
        "sales": 12800.0,
        "operating_profit": 267.0,
        "ordinary_profit": 982.0,
        "net_profit": 656.0,
        "eps": 960.0,
        "roe": 8.0,
        "roa": 1.61,
        "operating_margin": 0.84,
        "cost_ratio": 2.09,
        "sga_ratio": 96.7
      },
      {
        "fiscal_year": "2018/03",
        "sales": 15800.0,
        "operating_profit": 2250.0,
        "ordinary_profit": 3030.0,
        "net_profit": 1830.0,
        "eps": 2680.0,
        "roe": 22.2,
        "roa": 4.26,
        "operating_margin": 2.21,
        "cost_ratio": 14.28,
        "sga_ratio": 84.96
      },
      {
        "fiscal_year": "2019/03",
        "sales": 10500.0,
        "operating_profit": -1900.0,
        "ordinary_profit": -1150.0,
        "net_profit": -2480.0,
        "eps": -4170.0,
        "roe": -29.87,
        "roa": -1,
        "operating_margin": -1,
        "cost_ratio": -18.08,
        "sga_ratio": 117.21
      },
      {
        "fiscal_year": "2020/03",
        "sales": 9700.0,
        "operating_profit": -1750.0,
        "ordinary_profit": -1150.0,
        "net_profit": -619.0,
        "eps": -1920.0,
        "roe": -7.71,
        "roa": -1,
        "operating_margin": -1,
        "cost_ratio": -18.02,
        "sga_ratio": 117.07
      },
      {
        "fiscal_year": "2021/03",
        "sales": 12000.0,
        "operating_profit": 643.0,
        "ordinary_profit": 1130.0,
        "net_profit": 936.9999999999999,
        "eps": 3529.9999999999995,
        "roe": 11.9,
        "roa": 2.43,
        "operating_margin": 1.07,
        "cost_ratio": 5.37,
        "sga_ratio": 93.53
      },
      {
        "fiscal_year": "2022/03",
        "sales": 10900.0,
        "operating_profit": 113.99999999999999,
        "ordinary_profit": 579.0,
        "net_profit": 875.0,
        "eps": 335.0,
        "roe": 11.09,
        "roa": 2.28,
        "operating_margin": 1.09,
        "cost_ratio": 1.05,
        "sga_ratio": 98.11
      },
      {
        "fiscal_year": "2023/03",
        "sales": 8340.0,
        "operating_profit": -2170.0,
        "ordinary_profit": -1660.0000000000002,
        "net_profit": -2960.0,
        "eps": -3840.0,
        "roe": -37.18,
        "roa": -1,
        "operating_margin": -1,
        "cost_ratio": -25.98,
        "sga_ratio": 123.64
      },
      {
        "fiscal_year": "2024/03",
        "sales": 12000.0,
        "operating_profit": 1150.0,
        "ordinary_profit": 1440.0,
        "net_profit": 1310.0,
        "eps": 5350.0,
        "roe": 16.36,
        "roa": 3.31,
        "operating_margin": 1.62,
        "cost_ratio": 9.59,
        "sga_ratio": 88.5
      }
    ],
    "dividend_data": [
      {
        "fiscal_year": "2010/03",
        "total_dividend": 1.55
      },
      {
        "fiscal_year": "2011/03",
        "total_dividend": 2.27
      },
      {
        "fiscal_year": "2012/03",
        "total_dividend": 2.19
      },
      {
        "fiscal_year": "2013/03",
        "total_dividend": 2.04
      }
    ]
  },
  {
    "code": "8616",
    "name": "東海東京フィナンシャル・ホールディングス",
    "annual_data": [
      {
        "date": "2010/03/31",
        "per": 15.28,
        "pbr": 0.96,
        "is_per_red": false,
        "is_pbr_red": false
      },
      {
        "date": "2011/03/31",
        "per": 18.45,
        "pbr": 0.71,
        "is_per_red": false,
        "is_pbr_red": false
      },
      {
        "date": "2012/03/30",
        "per": 34.07,
        "pbr": 0.79,
        "is_per_red": false,
        "is_pbr_red": false
      },
      {
        "date": "2013/03/29",
        "per": 17.0,
        "pbr": 1.57,
        "is_per_red": false,
        "is_pbr_red": false
      },
      {
        "date": "2014/03/31",
        "per": 9.88,
        "pbr": 1.64,
        "is_per_red": false,
        "is_pbr_red": false
      },
      {
        "date": "2015/03/31",
        "per": 13.35,
        "pbr": 1.6,
        "is_per_red": false,
        "is_pbr_red": false
      },
      {
        "date": "2016/03/31",
        "per": 13.15,
        "pbr": 1.06,
        "is_per_red": false,
        "is_pbr_red": false
      },
      {
        "date": "2017/03/31",
        "per": 12.66,
        "pbr": 0.98,
        "is_per_red": false,
        "is_pbr_red": false
      },
      {
        "date": "2018/03/30",
        "per": 7.56,
        "pbr": 1.1,
        "is_per_red": false,
        "is_pbr_red": false
      },
      {
        "date": "2019/03/29",
        "per": 95.93,
        "pbr": 0.64,
        "is_per_red": false,
        "is_pbr_red": false
      },
      {
        "date": "2020/03/31",
        "per": 22.28,
        "pbr": 0.39,
        "is_per_red": false,
        "is_pbr_red": false
      },
      {
        "date": "2021/03/31",
        "per": 11.06,
        "pbr": 0.61,
        "is_per_red": false,
        "is_pbr_red": false
      },
      {
        "date": "2022/03/31",
        "per": 7.61,
        "pbr": 0.58,
        "is_per_red": false,
        "is_pbr_red": false
      },
      {
        "date": "2023/03/31",
        "per": 46.62,
        "pbr": 0.54,
        "is_per_red": false,
        "is_pbr_red": false
      },
      {
        "date": "2024/03/29",
        "per": 14.91,
        "pbr": 0.85,
        "is_per_red": false,
        "is_pbr_red": false
      }
    ],
    "daily_data": [],
    "financial_data": [
      {
        "fiscal_year": "2008/03",
        "sales": 63200.0,
        "operating_profit": 14100.0,
        "ordinary_profit": 14900.0,
        "net_profit": 9030.0,
        "roa": 8.52,
        "operating_margin": 1.81,
        "cost_ratio": 22.28,
        "sga_ratio": 74.31
      },
      {
        "fiscal_year": "2009/03",
        "sales": 43600.0,
        "operating_profit": -896.0000000000001,
        "ordinary_profit": -559.0,
        "net_profit": 2480.0,
        "roa": 2.39,
        "operating_margin": 0.59,
        "cost_ratio": -2.05,
        "sga_ratio": 97.52
      },
      {
        "fiscal_year": "2010/03",
        "sales": 58500.0,
        "operating_profit": 10500.0,
        "ordinary_profit": 12000.0,
        "net_profit": 7159.999999999999,
        "roe": 25.52,
        "roa": 6.29,
        "operating_margin": 1.08,
        "cost_ratio": 17.98,
        "sga_ratio": 79.65
      },
      {
        "fiscal_year": "2011/03",
        "sales": 52400.0,
        "operating_profit": 3090.0,
        "ordinary_profit": 4810.0,
        "net_profit": 4320.0,
        "eps": 3479.9999999999995,
        "roe": 15.39,
        "roa": 3.83,
        "operating_margin": 0.65,
        "cost_ratio": 5.89,
        "sga_ratio": 91.02
      },
      {
        "fiscal_year": "2012/03",
        "sales": 52600.0,
        "operating_profit": 3360.0,
        "ordinary_profit": 5080.0,
        "net_profit": 2550.0,
        "eps": 2350.0,
        "roe": 9.07,
        "roa": 2.32,
        "operating_margin": 0.4,
        "cost_ratio": 6.39,
        "sga_ratio": 90.05
      },
      {
        "fiscal_year": "2013/03",
        "sales": 67900.0,
        "operating_profit": 15300.0,
        "ordinary_profit": 17300.0,
        "net_profit": 11300.0,
        "eps": 13900.0,
        "roe": 40.18,
        "roa": 9.24,
        "operating_margin": 1.79,
        "cost_ratio": 22.48,
        "sga_ratio": 74.72
      },
      {
        "fiscal_year": "2014/03",
        "sales": 90500.0,
        "operating_profit": 30200.0,
        "ordinary_profit": 33400.0,
        "net_profit": 23200.0,
        "eps": 24900.0,
        "roe": 87.68,
        "roa": 16.55,
        "operating_margin": 3.77,
        "cost_ratio": 33.41,
        "sga_ratio": 64.53
      },
      {
        "fiscal_year": "2015/03",
        "sales": 82700.0,
        "operating_profit": 25100.0,
        "ordinary_profit": 28500.0,
        "net_profit": 18500.0,
        "eps": 22200.0,
        "roe": 69.51,
        "roa": 11.96,
        "operating_margin": 4.04,
        "cost_ratio": 30.32,
        "sga_ratio": 68.08
      },
      {
        "fiscal_year": "2016/03",
        "sales": 67600.0,
        "operating_profit": 12600.0,
        "ordinary_profit": 15300.0,
        "net_profit": 12400.0,
        "eps": 10300.0,
        "roe": 46.92,
        "roa": 8.11,
        "operating_margin": 2.19,
        "cost_ratio": 18.71,
        "sga_ratio": 79.36
      },
      {
        "fiscal_year": "2017/03",
        "sales": 65400.0,
        "operating_profit": 9500.0,
        "ordinary_profit": 13300.0,
        "net_profit": 12000.0,
        "eps": 10700.0,
        "roe": 45.73,
        "roa": 7.72,
        "operating_margin": 1.61,
        "cost_ratio": 14.52,
        "sga_ratio": 82.91
      },
      {
        "fiscal_year": "2018/03",
        "sales": 85300.0,
        "operating_profit": 17400.0,
        "ordinary_profit": 20900.0,
        "net_profit": 25400.0,
        "eps": 27400.0,
        "roe": 97.27,
        "roa": 14.71,
        "operating_margin": 2.63,
        "cost_ratio": 20.46,
        "sga_ratio": 76.79
      },
      {
        "fiscal_year": "2019/03",
        "sales": 64800.0,
        "operating_profit": -391.0,
        "ordinary_profit": 932.0,
        "net_profit": 1080.0,
        "eps": -1770.0,
        "roe": 4.18,
        "roa": 0.67,
        "operating_margin": 0.08,
        "cost_ratio": -0.6,
        "sga_ratio": 97.18
      },
      {
        "fiscal_year": "2020/03",
        "sales": 61700.0,
        "operating_profit": -823.0,
        "ordinary_profit": 700.0,
        "net_profit": 2760.0,
        "eps": 547.0,
        "roe": 11.04,
        "roa": 1.77,
        "operating_margin": 0.25,
        "cost_ratio": -1.33,
        "sga_ratio": 98.21
      },
      {
        "fiscal_year": "2021/03",
        "sales": 69400.0,
        "operating_profit": 9690.0,
        "ordinary_profit": 12500.0,
        "net_profit": 9090.0,
        "eps": 13000.0,
        "roe": 36.62,
        "roa": 5.49,
        "operating_margin": 0.64,
        "cost_ratio": 13.96,
        "sga_ratio": 82.69
      },
      {
        "fiscal_year": "2022/03",
        "sales": 81000.0,
        "operating_profit": 9880.0,
        "ordinary_profit": 13000.0,
        "net_profit": 13200.0,
        "eps": 13600.0,
        "roe": 52.93,
        "roa": 7.61,
        "operating_margin": 0.83,
        "cost_ratio": 12.2,
        "sga_ratio": 84.43
      },
      {
        "fiscal_year": "2023/03",
        "sales": 73400.0,
        "operating_profit": 3160.0,
        "ordinary_profit": 6350.0,
        "net_profit": 1950.0,
        "eps": 2650.0,
        "roe": 7.85,
        "roa": 1.15,
        "operating_margin": 0.18,
        "cost_ratio": 4.3
      },
      {
        "fiscal_year": "2024/03",
        "sales": 89200.0,
        "operating_profit": 15300.0,
        "ordinary_profit": 18400.0,
        "net_profit": 10200.0,
        "eps": 16700.0,
        "roe": 40.85,
        "roa": 5.67,
        "operating_margin": 0.73,
        "cost_ratio": 17.16,
        "sga_ratio": 80.03
      }
    ],
    "dividend_data": [
      {
        "fiscal_year": "2010/03",
        "total_dividend": 15.0,
        "dividend_yield": 3.85
      },
      {
        "fiscal_year": "2011/03",
        "total_dividend": 8.0,
        "dividend_yield": 2.82
      },
      {
        "fiscal_year": "2012/03",
        "total_dividend": 8.0,
        "dividend_yield": 2.59
      },
      {
        "fiscal_year": "2013/03",
        "total_dividend": 16.0,
        "dividend_yield": 2.34
      }
    ]
  },
  {
    "code": "8617",
    "name": "光世証券",
    "annual_data": [
      {
        "date": "2010/03/31",
        "per": 279.13,
        "pbr": 0.57,
        "is_per_red": false,
        "is_pbr_red": false
      },
      {
        "date": "2011/03/31",
        "per": -1,
        "pbr": 0.45,
        "is_per_red": true,
        "is_pbr_red": false
      },
      {
        "date": "2012/03/30",
        "per": 152.97,
        "pbr": 0.62,
        "is_per_red": false,
        "is_pbr_red": false
      },
      {
        "date": "2013/03/29",
        "per": 27.91,
        "pbr": 1.84,
        "is_per_red": false,
        "is_pbr_red": false
      },
      {
        "date": "2014/03/31",
        "per": 39.87,
        "pbr": 1.26,
        "is_per_red": false,
        "is_pbr_red": false
      },
      {
        "date": "2015/03/31",
        "per": 27.51,
        "pbr": 1.19,
        "is_per_red": false,
        "is_pbr_red": false
      },
      {
        "date": "2016/03/31",
        "per": 261.28,
        "pbr": 0.75,
        "is_per_red": false,
        "is_pbr_red": false
      },
      {
        "date": "2017/03/31",
        "per": -1,
        "pbr": 1.01,
        "is_per_red": true,
        "is_pbr_red": false
      },
      {
        "date": "2018/03/30",
        "per": 51.24,
        "pbr": 0.78,
        "is_per_red": false,
        "is_pbr_red": false
      },
      {
        "date": "2019/03/29",
        "per": -1,
        "pbr": 0.39,
        "is_per_red": true,
        "is_pbr_red": false
      },
      {
        "date": "2020/03/31",
        "per": -1,
        "pbr": 0.3,
        "is_per_red": true,
        "is_pbr_red": false
      },
      {
        "date": "2021/03/31",
        "per": 45.83,
        "pbr": 0.45,
        "is_per_red": false,
        "is_pbr_red": false
      },
      {
        "date": "2022/03/31",
        "per": -1,
        "pbr": 0.29,
        "is_per_red": true,
        "is_pbr_red": false
      },
      {
        "date": "2023/03/31",
        "per": -1,
        "pbr": 0.26,
        "is_per_red": true,
        "is_pbr_red": false
      },
      {
        "date": "2024/03/29",
        "per": 20.93,
        "pbr": 0.47,
        "is_per_red": false,
        "is_pbr_red": false
      }
    ],
    "daily_data": [],
    "financial_data": [],
    "dividend_data": [
      {
        "fiscal_year": "2010/03",
        "total_dividend": 1.94
      },
      {
        "fiscal_year": "2012/03",
        "total_dividend": 1.85
      },
      {
        "fiscal_year": "2013/03",
        "total_dividend": 1.48
      },
      {
        "fiscal_year": "2014/03",
        "total_dividend": 2.04
      },
      {
        "fiscal_year": "2015/03",
        "total_dividend": 2.62
      },
      {
        "fiscal_year": "2016/03",
        "total_dividend": 3.6
      },
      {
        "fiscal_year": "2017/03",
        "total_dividend": 1.66
      },
      {
        "fiscal_year": "2018/03",
        "total_dividend": 2.14
      },
      {
        "fiscal_year": "2019/03",
        "total_dividend": 2.01
      },
      {
        "fiscal_year": "2020/03",
        "total_dividend": 1.34
      },
      {
        "fiscal_year": "2021/03",
        "total_dividend": 1.66
      },
      {
        "fiscal_year": "2022/03",
        "total_dividend": 1.04
      },
      {
        "fiscal_year": "2023/03",
        "total_dividend": 1.2
      },
      {
        "fiscal_year": "2024/03",
        "total_dividend": 2.04
      }
    ]
  },
  {
    "code": "8622",
    "name": "水戸証券",
    "annual_data": [
      {
        "date": "2010/03/31",
        "per": -1,
        "pbr": 0.63,
        "is_per_red": true,
        "is_pbr_red": false
      },
      {
        "date": "2011/03/31",
        "per": -1,
        "pbr": 0.34,
        "is_per_red": true,
        "is_pbr_red": false
      },
      {
        "date": "2012/03/30",
        "per": 128.98,
        "pbr": 0.62,
        "is_per_red": false,
        "is_pbr_red": false
      },
      {
        "date": "2013/03/29",
        "per": 15.83,
        "pbr": 1.23,
        "is_per_red": false,
        "is_pbr_red": false
      },
      {
        "date": "2014/03/31",
        "per": 8.82,
        "pbr": 0.9,
        "is_per_red": false,
        "is_pbr_red": false
      },
      {
        "date": "2015/03/31",
        "per": 13.11,
        "pbr": 0.82,
        "is_per_red": false,
        "is_pbr_red": false
      },
      {
        "date": "2016/03/31",
        "per": 11.28,
        "pbr": 0.59,
        "is_per_red": false,
        "is_pbr_red": false
      },
      {
        "date": "2017/03/31",
        "per": 22.05,
        "pbr": 0.56,
        "is_per_red": false,
        "is_pbr_red": false
      },
      {
        "date": "2018/03/30",
        "per": 11.35,
        "pbr": 0.72,
        "is_per_red": false,
        "is_pbr_red": false
      },
      {
        "date": "2019/03/29",
        "per": 77.74,
        "pbr": 0.38,
        "is_per_red": false,
        "is_pbr_red": false
      },
      {
        "date": "2020/03/31",
        "per": 16.02,
        "pbr": 0.33,
        "is_per_red": false,
        "is_pbr_red": false
      },
      {
        "date": "2021/03/31",
        "per": 11.08,
        "pbr": 0.52,
        "is_per_red": false,
        "is_pbr_red": false
      },
      {
        "date": "2022/03/31",
        "per": 12.66,
        "pbr": 0.45,
        "is_per_red": false,
        "is_pbr_red": false
      },
      {
        "date": "2023/03/31",
        "per": 24.17,
        "pbr": 0.48,
        "is_per_red": false,
        "is_pbr_red": false
      },
      {
        "date": "2024/03/29",
        "per": 13.67,
        "pbr": 0.75,
        "is_per_red": false,
        "is_pbr_red": false
      }
    ],
    "daily_data": [],
    "financial_data": [],
    "dividend_data": [
      {
        "fiscal_year": "2010/03",
        "total_dividend": 2.5,
        "dividend_yield": 1.06
      },
      {
        "fiscal_year": "2011/03",
        "total_dividend": 3.0,
        "dividend_yield": 2.44
      },
      {
        "fiscal_year": "2012/03",
        "total_dividend": 2.5,
        "dividend_yield": 1.1
      },
      {
        "fiscal_year": "2013/03",
        "total_dividend": 12.0,
        "dividend_yield": 2.24
      }
    ]
  },
  {
    "code": "8624",
    "name": "いちよし証券",
    "annual_data": [
      {
        "date": "2010/03/31",
        "per": 710.0,
        "pbr": 1.06,
        "is_per_red": false,
        "is_pbr_red": false
      },
      {
        "date": "2011/03/31",
        "per": -1,
        "pbr": 1.02,
        "is_per_red": true,
        "is_pbr_red": false
      },
      {
        "date": "2012/03/30",
        "per": -1,
        "pbr": 1.1,
        "is_per_red": true,
        "is_pbr_red": false
      },
      {
        "date": "2013/03/29",
        "per": 13.09,
        "pbr": 1.62,
        "is_per_red": false,
        "is_pbr_red": false
      },
      {
        "date": "2014/03/31",
        "per": 7.26,
        "pbr": 1.87,
        "is_per_red": false,
        "is_pbr_red": false
      },
      {
        "date": "2015/03/31",
        "per": 16.8,
        "pbr": 1.71,
        "is_per_red": false,
        "is_pbr_red": false
      },
      {
        "date": "2016/03/31",
        "per": 16.29,
        "pbr": 1.26,
        "is_per_red": false,
        "is_pbr_red": false
      },
      {
        "date": "2017/03/31",
        "per": 16.49,
        "pbr": 1.09,
        "is_per_red": false,
        "is_pbr_red": false
      },
      {
        "date": "2018/03/30",
        "per": 10.65,
        "pbr": 1.47,
        "is_per_red": false,
        "is_pbr_red": false
      },
      {
        "date": "2019/03/29",
        "per": 19.78,
        "pbr": 0.94,
        "is_per_red": false,
        "is_pbr_red": false
      },
      {
        "date": "2020/03/31",
        "per": -1,
        "pbr": 0.56,
        "is_per_red": true,
        "is_pbr_red": false
      },
      {
        "date": "2021/03/31",
        "per": 22.1,
        "pbr": 0.76,
        "is_per_red": false,
        "is_pbr_red": false
      },
      {
        "date": "2022/03/31",
        "per": 8.85,
        "pbr": 0.74,
        "is_per_red": false,
        "is_pbr_red": false
      },
      {
        "date": "2023/03/31",
        "per": 27.59,
        "pbr": 0.73,
        "is_per_red": false,
        "is_pbr_red": false
      },
      {
        "date": "2024/03/29",
        "per": 14.85,
        "pbr": 0.99,
        "is_per_red": false,
        "is_pbr_red": false
      }
    ],
    "daily_data": [],
    "financial_data": [
      {
        "fiscal_year": "2008/03",
        "sales": 21500.0,
        "operating_profit": 1880.0,
        "ordinary_profit": 1870.0,
        "net_profit": 1090.0,
        "roa": 3.06,
        "operating_margin": 2.17,
        "cost_ratio": 8.74,
        "sga_ratio": 90.56
      },
      {
        "fiscal_year": "2009/03",
        "sales": 14300.0,
        "operating_profit": -3180.0,
        "ordinary_profit": -3260.0,
        "net_profit": -4800.0,
        "roa": -1,
        "operating_margin": -1,
        "cost_ratio": -22.33,
        "sga_ratio": 121.67
      },
      {
        "fiscal_year": "2010/03",
        "sales": 15700.0,
        "operating_profit": 233.0,
        "ordinary_profit": 140.0,
        "net_profit": 40.0,
        "roe": 0.9,
        "roa": 0.15,
        "operating_margin": 0.11,
        "cost_ratio": 1.48,
        "sga_ratio": 97.99
      },
      {
        "fiscal_year": "2011/03",
        "sales": 13100.0,
        "operating_profit": -1610.0000000000002,
        "ordinary_profit": -1500.0,
        "net_profit": -1580.0,
        "eps": -1550.0,
        "roe": -35.45,
        "roa": -1,
        "operating_margin": -1,
        "cost_ratio": -12.3,
        "sga_ratio": 111.87
      },
      {
        "fiscal_year": "2012/03",
        "sales": 14400.0,
        "operating_profit": -115.99999999999999,
        "ordinary_profit": -136.0,
        "net_profit": -222.00000000000003,
        "eps": -202.99999999999997,
        "roe": -5.0,
        "roa": -1,
        "operating_margin": -1,
        "cost_ratio": -0.81,
        "sga_ratio": 100.35
      },
      {
        "fiscal_year": "2013/03",
        "sales": 18300.0,
        "operating_profit": 3629.9999999999995,
        "ordinary_profit": 3740.0,
        "net_profit": 3390.0,
        "eps": 4530.0,
        "roe": 76.34,
        "roa": 12.4,
        "operating_margin": 7.75,
        "cost_ratio": 19.86,
        "sga_ratio": 79.84
      },
      {
        "fiscal_year": "2014/03",
        "sales": 25200.0,
        "operating_profit": 8830.0,
        "ordinary_profit": 8980.0,
        "net_profit": 8270.0,
        "eps": 8059.999999999999,
        "roe": 190.04,
        "roa": 25.71,
        "operating_margin": 16.97,
        "cost_ratio": 34.97,
        "sga_ratio": 64.83
      },
      {
        "fiscal_year": "2015/03",
        "sales": 20400.0,
        "operating_profit": 3540.0,
        "ordinary_profit": 3710.0,
        "net_profit": 3390.0,
        "eps": 2970.0,
        "roe": 77.51,
        "roa": 10.12,
        "operating_margin": 7.02,
        "cost_ratio": 17.34
      },
      {
        "fiscal_year": "2016/03",
        "sales": 21800.0,
        "operating_profit": 3700.0,
        "ordinary_profit": 3810.0,
        "net_profit": 2580.0,
        "eps": 2320.0,
        "roe": 58.88,
        "roa": 7.74,
        "operating_margin": 5.54,
        "cost_ratio": 16.91
      },
      {
        "fiscal_year": "2017/03",
        "sales": 20700.0,
        "operating_profit": 2990.0,
        "ordinary_profit": 3080.0,
        "net_profit": 2180.0,
        "eps": 2810.0,
        "roe": 50.88,
        "roa": 6.66,
        "operating_margin": 4.06,
        "cost_ratio": 14.45
      },
      {
        "fiscal_year": "2018/03",
        "sales": 26500.0,
        "operating_profit": 7140.000000000001,
        "ordinary_profit": 7230.0,
        "net_profit": 4990.0,
        "eps": 5210.0,
        "roe": 116.99,
        "roa": 13.75,
        "operating_margin": 8.52,
        "cost_ratio": 26.95
      },
      {
        "fiscal_year": "2019/03",
        "sales": 21200.0,
        "operating_profit": 2060.0,
        "ordinary_profit": 2240.0,
        "net_profit": 1670.0,
        "eps": 1390.0,
        "roe": 39.24,
        "roa": 4.84,
        "operating_margin": 3.45,
        "cost_ratio": 9.69
      },
      {
        "fiscal_year": "2020/03",
        "sales": 18800.0,
        "operating_profit": -545.0,
        "ordinary_profit": -469.00000000000006,
        "net_profit": -724.0,
        "eps": -923.0,
        "roe": -17.72,
        "roa": -1,
        "operating_margin": -1,
        "cost_ratio": -2.89
      },
      {
        "fiscal_year": "2021/03",
        "sales": 18300.0,
        "operating_profit": 1260.0,
        "ordinary_profit": 1300.0,
        "net_profit": 1000.0,
        "eps": 1410.0,
        "roe": 27.78,
        "roa": 3.45,
        "operating_margin": 2.03,
        "cost_ratio": 6.92,
        "sga_ratio": 92.69
      },
      {
        "fiscal_year": "2022/03",
        "sales": 19600.0,
        "operating_profit": 3320.0000000000005,
        "ordinary_profit": 3440.0,
        "net_profit": 2530.0,
        "eps": 2380.0,
        "roe": 69.97,
        "roa": 8.41,
        "operating_margin": 5.27,
        "cost_ratio": 16.95,
        "sga_ratio": 82.85
      },
      {
        "fiscal_year": "2023/03",
        "sales": 16700.0,
        "operating_profit": 1170.0,
        "ordinary_profit": 1220.0,
        "net_profit": 758.0,
        "eps": 557.0,
        "roe": 21.93,
        "roa": 2.73,
        "operating_margin": 1.78,
        "cost_ratio": 7.0,
        "sga_ratio": 92.76
      },
      {
        "fiscal_year": "2024/03",
        "sales": 18800.0,
        "operating_profit": 2800.0,
        "ordinary_profit": 2880.0,
        "net_profit": 1930.0,
        "eps": 2280.0,
        "roe": 57.09,
        "roa": 6.65,
        "operating_margin": 4.14,
        "cost_ratio": 14.88,
        "sga_ratio": 84.91
      }
    ],
    "dividend_data": [
      {
        "fiscal_year": "2010/03",
        "total_dividend": 24.0,
        "dividend_yield": 3.76
      },
      {
        "fiscal_year": "2011/03",
        "total_dividend": 24.0,
        "dividend_yield": 4.25
      },
      {
        "fiscal_year": "2012/03",
        "total_dividend": 20.0,
        "dividend_yield": 3.44
      },
      {
        "fiscal_year": "2013/03",
        "total_dividend": 32.0,
        "dividend_yield": 3.2
      }
    ]
  },
  {
    "code": "8628",
    "name": "松井証券",
    "annual_data": [
      {
        "date": "2010/03/31",
        "per": 23.48,
        "pbr": 2.42,
        "is_per_red": false,
        "is_pbr_red": false
      },
      {
        "date": "2011/03/31",
        "per": 22.5,
        "pbr": 1.61,
        "is_per_red": false,
        "is_pbr_red": false
      },
      {
        "date": "2012/03/30",
        "per": 33.67,
        "pbr": 1.88,
        "is_per_red": false,
        "is_pbr_red": false
      },
      {
        "date": "2013/03/29",
        "per": 41.47,
        "pbr": 3.3,
        "is_per_red": false,
        "is_pbr_red": false
      },
      {
        "date": "2014/03/31",
        "per": 16.51,
        "pbr": 3.15,
        "is_per_red": false,
        "is_pbr_red": false
      },
      {
        "date": "2015/03/31",
        "per": 18.0,
        "pbr": 3.11,
        "is_per_red": false,
        "is_pbr_red": false
      },
      {
        "date": "2016/03/31",
        "per": 16.68,
        "pbr": 2.66,
        "is_per_red": false,
        "is_pbr_red": false
      },
      {
        "date": "2017/03/31",
        "per": 20.9,
        "pbr": 2.36,
        "is_per_red": false,
        "is_pbr_red": false
      },
      {
        "date": "2018/03/30",
        "per": 19.17,
        "pbr": 2.51,
        "is_per_red": false,
        "is_pbr_red": false
      },
      {
        "date": "2019/03/29",
        "per": 27.98,
        "pbr": 2.78,
        "is_per_red": false,
        "is_pbr_red": false
      },
      {
        "date": "2020/03/31",
        "per": 33.19,
        "pbr": 2.54,
        "is_per_red": false,
        "is_pbr_red": false
      },
      {
        "date": "2021/03/31",
        "per": 22.51,
        "pbr": 2.93,
        "is_per_red": false,
        "is_pbr_red": false
      },
      {
        "date": "2022/03/31",
        "per": 18.13,
        "pbr": 2.64,
        "is_per_red": false,
        "is_pbr_red": false
      },
      {
        "date": "2023/03/31",
        "per": 25.74,
        "pbr": 2.65,
        "is_per_red": false,
        "is_pbr_red": false
      },
      {
        "date": "2024/03/29",
        "per": 21.7,
        "pbr": 2.79,
        "is_per_red": false,
        "is_pbr_red": false
      }
    ],
    "daily_data": [],
    "financial_data": [],
    "dividend_data": [
      {
        "fiscal_year": "2010/03",
        "total_dividend": 15.0,
        "dividend_yield": 2.25
      },
      {
        "fiscal_year": "2011/03",
        "total_dividend": 15.0,
        "dividend_yield": 3.32
      },
      {
        "fiscal_year": "2012/03",
        "total_dividend": 15.0,
        "dividend_yield": 2.81
      },
      {
        "fiscal_year": "2013/03",
        "total_dividend": 20.0,
        "dividend_yield": 2.02
      }
    ]
  },
  {
    "code": "8698",
    "name": "マネックスグループ",
    "annual_data": [
      {
        "date": "2010/03/31",
        "per": 36.45,
        "pbr": 2.08,
        "is_per_red": false,
        "is_pbr_red": false
      },
      {
        "date": "2011/03/31",
        "per": 31.14,
        "pbr": 0.84,
        "is_per_red": false,
        "is_pbr_red": false
      },
      {
        "date": "2012/03/30",
        "per": 52.77,
        "pbr": 0.72,
        "is_per_red": false,
        "is_pbr_red": false
      },
      {
        "date": "2013/03/29",
        "per": 29.11,
        "pbr": 1.43,
        "is_per_red": false,
        "is_pbr_red": false
      },
      {
        "date": "2014/03/31",
        "per": 11.21,
        "pbr": 1.43,
        "is_per_red": false,
        "is_pbr_red": false
      },
      {
        "date": "2015/03/31",
        "per": 26.42,
        "pbr": 1.06,
        "is_per_red": false,
        "is_pbr_red": false
      },
      {
        "date": "2016/03/31",
        "per": 23.35,
        "pbr": 0.96,
        "is_per_red": false,
        "is_pbr_red": false
      },
      {
        "date": "2017/03/31",
        "per": 251.89,
        "pbr": 0.92,
        "is_per_red": false,
        "is_pbr_red": false
      },
      {
        "date": "2018/03/30",
        "per": 14.22,
        "pbr": 1.16,
        "is_per_red": false,
        "is_pbr_red": false
      },
      {
        "date": "2019/03/29",
        "per": 86.65,
        "pbr": 1.29,
        "is_per_red": false,
        "is_pbr_red": false
      },
      {
        "date": "2020/03/31",
        "per": 14.75,
        "pbr": 0.57,
        "is_per_red": false,
        "is_pbr_red": false
      },
      {
        "date": "2021/03/31",
        "per": 16.73,
        "pbr": 2.69,
        "is_per_red": false,
        "is_pbr_red": false
      },
      {
        "date": "2022/03/31",
        "per": 13.12,
        "pbr": 1.67,
        "is_per_red": false,
        "is_pbr_red": false
      },
      {
        "date": "2023/03/31",
        "per": 37.12,
        "pbr": 1.23,
        "is_per_red": false,
        "is_pbr_red": false
      },
      {
        "date": "2024/03/29",
        "per": 7.29,
        "pbr": 1.73,
        "is_per_red": false,
        "is_pbr_red": false
      }
    ],
    "daily_data": [],
    "financial_data": [
      {
        "fiscal_year": "2008/03",
        "sales": 30500.0,
        "operating_profit": 13000.0,
        "ordinary_profit": 7209.999999999999,
        "roe": 16.49,
        "roa": 2.15,
        "operating_margin": 42.68
      },
      {
        "fiscal_year": "2009/03",
        "sales": 24800.0,
        "operating_profit": 5270.0,
        "ordinary_profit": -2140.0,
        "roe": -1,
        "roa": -1,
        "operating_margin": 21.24
      },
      {
        "fiscal_year": "2010/03",
        "sales": 22500.0,
        "operating_profit": 4460.0,
        "ordinary_profit": 3779.9999999999995,
        "eps": 12.62,
        "roe": 5.72,
        "roa": 1.01,
        "operating_margin": 19.83
      },
      {
        "fiscal_year": "2011/03",
        "sales": 25200.0,
        "operating_profit": 4740.0,
        "ordinary_profit": 1989.9999999999998,
        "net_profit": 1639.9999999999998,
        "eps": 6.23,
        "roe": 2.7,
        "roa": 0.55,
        "operating_margin": 18.79
      },
      {
        "fiscal_year": "2012/03",
        "sales": 30600.0,
        "operating_profit": 2450.0,
        "ordinary_profit": 1030.0,
        "net_profit": 5790.0,
        "eps": 3.43,
        "roe": 1.36,
        "roa": 0.2,
        "operating_margin": 8.01,
        "sga_ratio": 87.03
      },
      {
        "fiscal_year": "2013/03",
        "sales": 36100.0,
        "ordinary_profit": 3900.0,
        "net_profit": 4740.0,
        "eps": 13.02,
        "roe": 4.9,
        "roa": 0.57
      },
      {
        "fiscal_year": "2014/03",
        "sales": 54700.0,
        "ordinary_profit": 10400.0,
        "net_profit": 10600.0,
        "eps": 35.76,
        "roe": 12.83,
        "roa": 1.1
      },
      {
        "fiscal_year": "2015/03",
        "sales": 51000.0,
        "ordinary_profit": 3490.0,
        "net_profit": 8590.0,
        "eps": 12.15,
        "roe": 4.02,
        "roa": 0.33
      },
      {
        "fiscal_year": "2016/03",
        "sales": 54300.0,
        "ordinary_profit": 3550.0,
        "net_profit": 4050.0,
        "eps": 12.46,
        "roe": 4.14,
        "roa": 0.4
      },
      {
        "fiscal_year": "2017/03",
        "sales": 45800.0,
        "ordinary_profit": 298.0,
        "net_profit": -2010.0000000000002,
        "eps": 1.06,
        "roe": 0.37,
        "roa": 0.03
      },
      {
        "fiscal_year": "2018/03",
        "sales": 53600.0,
        "ordinary_profit": 6730.0,
        "net_profit": 4720.0,
        "eps": 24.33,
        "roe": 8.38,
        "roa": 0.69
      },
      {
        "fiscal_year": "2019/03",
        "sales": 52200.0,
        "ordinary_profit": 1180.0,
        "net_profit": 2990.0,
        "eps": 4.42,
        "roe": 1.5,
        "roa": 0.11
      },
      {
        "fiscal_year": "2020/03",
        "sales": 53200.0,
        "ordinary_profit": 3010.0,
        "net_profit": 2110.0,
        "eps": 11.59,
        "roe": 3.95,
        "roa": 0.29
      },
      {
        "fiscal_year": "2021/03",
        "sales": 77900.0,
        "ordinary_profit": 14400.0,
        "net_profit": 15200.0,
        "eps": 55.82,
        "roe": 16.02,
        "roa": 1.02
      },
      {
        "fiscal_year": "2022/03",
        "sales": 88800.0,
        "ordinary_profit": 13000.0,
        "net_profit": 14800.0,
        "eps": 49.99,
        "roe": 12.48,
        "roa": 0.81,
        "operating_margin": 22.67,
        "cost_ratio": 0.06,
        "sga_ratio": 77.27
      },
      {
        "fiscal_year": "2023/03",
        "sales": 55800.0,
        "ordinary_profit": 3390.0,
        "net_profit": 4290.0,
        "eps": 12.85,
        "roe": 3.4,
        "roa": 0.23,
        "operating_margin": 15.1,
        "cost_ratio": 0.38,
        "sga_ratio": 84.53
      },
      {
        "fiscal_year": "2024/03",
        "sales": 65700.0,
        "ordinary_profit": 31300.0,
        "net_profit": 35800.0,
        "eps": 121.67,
        "roe": 23.76,
        "roa": 4.11,
        "operating_margin": 23.27,
        "cost_ratio": 0.19,
        "sga_ratio": 76.53
      }
    ],
    "dividend_data": [
      {
        "fiscal_year": "2010/03",
        "total_dividend": 700.0,
        "dividend_yield": 7.0
      },
      {
        "fiscal_year": "2011/03",
        "total_dividend": 500.0,
        "dividend_yield": 5.0
      },
      {
        "fiscal_year": "2012/03",
        "total_dividend": 200.0,
        "dividend_yield": 2.0
      },
      {
        "fiscal_year": "2013/03",
        "total_dividend": 410.0,
        "dividend_yield": 4.1
      },
      {
        "fiscal_year": "2018/03",
        "total_dividend": 10.0,
        "dividend_yield": 10.0
      },
      {
        "fiscal_year": "2019/03",
        "total_dividend": 5.4,
        "dividend_yield": 5.4
      },
      {
        "fiscal_year": "2020/03",
        "total_dividend": 5.9,
        "dividend_yield": 5.9
      },
      {
        "fiscal_year": "2021/03",
        "total_dividend": 12.0,
        "dividend_yield": 12.0
      },
      {
        "fiscal_year": "2022/03",
        "total_dividend": 15.3,
        "dividend_yield": 15.3
      },
      {
        "fiscal_year": "2023/03",
        "total_dividend": 15.7,
        "dividend_yield": 15.7
      },
      {
        "fiscal_year": "2024/03",
        "total_dividend": 23.0,
        "dividend_yield": 23.0
      }
    ]
  },
  {
    "code": "8699",
    "name": "ＨＳホールディングス",
    "annual_data": [
      {
        "date": "2010/03/31",
        "per": 19.87,
        "pbr": 0.53,
        "is_per_red": false,
        "is_pbr_red": false
      },
      {
        "date": "2011/03/31",
        "per": -1,
        "pbr": 1.38,
        "is_per_red": true,
        "is_pbr_red": false
      },
      {
        "date": "2012/03/30",
        "per": 15.1,
        "pbr": 1.01,
        "is_per_red": false,
        "is_pbr_red": false
      },
      {
        "date": "2013/03/29",
        "per": 12.63,
        "pbr": 1.25,
        "is_per_red": false,
        "is_pbr_red": false
      },
      {
        "date": "2014/03/31",
        "per": 5.67,
        "pbr": 0.93,
        "is_per_red": false,
        "is_pbr_red": false
      },
      {
        "date": "2015/03/31",
        "per": 5.86,
        "pbr": 0.89,
        "is_per_red": false,
        "is_pbr_red": false
      },
      {
        "date": "2016/03/31",
        "per": 5.95,
        "pbr": 0.86,
        "is_per_red": false,
        "is_pbr_red": false
      },
      {
        "date": "2017/03/31",
        "per": 7.2,
        "pbr": 0.84,
        "is_per_red": false,
        "is_pbr_red": false
      },
      {
        "date": "2018/03/30",
        "per": 9.29,
        "pbr": 0.76,
        "is_per_red": false,
        "is_pbr_red": false
      },
      {
        "date": "2019/03/29",
        "per": 7.11,
        "pbr": 0.78,
        "is_per_red": false,
        "is_pbr_red": false
      },
      {
        "date": "2020/03/31",
        "per": 4.95,
        "pbr": 0.6,
        "is_per_red": false,
        "is_pbr_red": false
      },
      {
        "date": "2021/03/31",
        "per": -1,
        "pbr": 0.55,
        "is_per_red": true,
        "is_pbr_red": false
      },
      {
        "date": "2022/03/31",
        "per": 7.67,
        "pbr": 0.77,
        "is_per_red": false,
        "is_pbr_red": false
      },
      {
        "date": "2023/03/31",
        "per": 2.69,
        "pbr": 0.51,
        "is_per_red": false,
        "is_pbr_red": false
      },
      {
        "date": "2024/03/29",
        "per": 3.21,
        "pbr": 0.42,
        "is_per_red": false,
        "is_pbr_red": false
      }
    ],
    "daily_data": [],
    "financial_data": [],
    "dividend_data": [
      {
        "fiscal_year": "2013/03",
        "total_dividend": 0.54
      },
      {
        "fiscal_year": "2014/03",
        "total_dividend": 0.82
      },
      {
        "fiscal_year": "2015/03",
        "total_dividend": 0.84
      },
      {
        "fiscal_year": "2016/03",
        "total_dividend": 1.0
      },
      {
        "fiscal_year": "2017/03",
        "total_dividend": 0.98
      },
      {
        "fiscal_year": "2018/03",
        "total_dividend": 1.01
      },
      {
        "fiscal_year": "2019/03",
        "total_dividend": 1.12
      },
      {
        "fiscal_year": "2020/03",
        "total_dividend": 1.33
      },
      {
        "fiscal_year": "2021/03",
        "total_dividend": 1.59
      },
      {
        "fiscal_year": "2022/03",
        "total_dividend": 0.77
      },
      {
        "fiscal_year": "2023/03",
        "total_dividend": 1.02
      },
      {
        "fiscal_year": "2024/03",
        "total_dividend": 1.0
      }
    ]
  },
  {
    "code": "8700",
    "name": "丸八証券",
    "annual_data": [
      {
        "date": "2010/03/31",
        "per": 8.69,
        "pbr": 0.35,
        "is_per_red": false,
        "is_pbr_red": false
      },
      {
        "date": "2011/03/31",
        "per": 21.66,
        "pbr": 0.42,
        "is_per_red": false,
        "is_pbr_red": false
      },
      {
        "date": "2012/03/30",
        "per": 10.6,
        "pbr": 0.81,
        "is_per_red": false,
        "is_pbr_red": false
      },
      {
        "date": "2013/03/29",
        "per": 19.95,
        "pbr": 2.39,
        "is_per_red": false,
        "is_pbr_red": false
      },
      {
        "date": "2014/03/31",
        "per": 7.83,
        "pbr": 1.46,
        "is_per_red": false,
        "is_pbr_red": false
      },
      {
        "date": "2015/03/31",
        "per": 7.59,
        "pbr": 1.26,
        "is_per_red": false,
        "is_pbr_red": false
      },
      {
        "date": "2016/03/31",
        "per": 26.22,
        "pbr": 0.81,
        "is_per_red": false,
        "is_pbr_red": false
      },
      {
        "date": "2017/03/31",
        "per": 77.57,
        "pbr": 0.84,
        "is_per_red": false,
        "is_pbr_red": false
      },
      {
        "date": "2018/03/30",
        "per": 13.52,
        "pbr": 0.74,
        "is_per_red": false,
        "is_pbr_red": false
      },
      {
        "date": "2019/03/29",
        "per": 9.86,
        "pbr": 0.57,
        "is_per_red": false,
        "is_pbr_red": false
      },
      {
        "date": "2020/03/31",
        "per": 19.59,
        "pbr": 0.47,
        "is_per_red": false,
        "is_pbr_red": false
      },
      {
        "date": "2021/03/31",
        "per": 11.82,
        "pbr": 0.66,
        "is_per_red": false,
        "is_pbr_red": false
      },
      {
        "date": "2022/03/31",
        "per": 20.09,
        "pbr": 0.78,
        "is_per_red": false,
        "is_pbr_red": false
      },
      {
        "date": "2023/03/31",
        "per": 90.47,
        "pbr": 0.76,
        "is_per_red": false,
        "is_pbr_red": false
      },
      {
        "date": "2024/03/29",
        "per": 12.9,
        "pbr": 0.85,
        "is_per_red": false,
        "is_pbr_red": false
      }
    ],
    "daily_data": [],
    "financial_data": [],
    "dividend_data": [
      {
        "fiscal_year": "2012/03",
        "total_dividend": 2.17
      },
      {
        "fiscal_year": "2013/03",
        "total_dividend": 1.31
      },
      {
        "fiscal_year": "2014/03",
        "total_dividend": 2.83
      },
      {
        "fiscal_year": "2015/03",
        "total_dividend": 2.84
      },
      {
        "fiscal_year": "2016/03",
        "total_dividend": 1.49
      },
      {
        "fiscal_year": "2017/03",
        "total_dividend": 1.45
      },
      {
        "fiscal_year": "2018/03",
        "total_dividend": 3.15
      },
      {
        "fiscal_year": "2019/03",
        "total_dividend": 4.99
      },
      {
        "fiscal_year": "2020/03",
        "total_dividend": 3.75
      },
      {
        "fiscal_year": "2021/03",
        "total_dividend": 4.09
      },
      {
        "fiscal_year": "2022/03",
        "total_dividend": 2.76
      },
      {
        "fiscal_year": "2023/03",
        "total_dividend": 2.14
      }
    ]
  },
  {
    "code": "8704",
    "name": "トレイダーズホールディングス",
    "annual_data": [
      {
        "date": "2010/03/31",
        "per": -1,
        "pbr": 0.36,
        "is_per_red": true,
        "is_pbr_red": false
      },
      {
        "date": "2011/03/31",
        "per": -1,
        "pbr": 0.67,
        "is_per_red": true,
        "is_pbr_red": false
      },
      {
        "date": "2012/03/30",
        "per": -1,
        "pbr": 2.7,
        "is_per_red": true,
        "is_pbr_red": false
      },
      {
        "date": "2013/03/29",
        "per": 13.97,
        "pbr": 4.85,
        "is_per_red": false,
        "is_pbr_red": false
      },
      {
        "date": "2014/03/31",
        "per": -1,
        "pbr": 2.62,
        "is_per_red": true,
        "is_pbr_red": false
      },
      {
        "date": "2015/03/31",
        "per": -1,
        "pbr": 7.73,
        "is_per_red": true,
        "is_pbr_red": false
      },
      {
        "date": "2016/03/31",
        "per": 892.16,
        "pbr": 6.39,
        "is_per_red": false,
        "is_pbr_red": false
      },
      {
        "date": "2017/03/31",
        "per": -1,
        "pbr": 5.18,
        "is_per_red": true,
        "is_pbr_red": false
      },
      {
        "date": "2018/03/30",
        "per": -1,
        "pbr": 24.43,
        "is_per_red": true,
        "is_pbr_red": false
      },
      {
        "date": "2019/03/29",
        "per": 67.95,
        "pbr": 3.59,
        "is_per_red": false,
        "is_pbr_red": false
      },
      {
        "date": "2020/03/31",
        "per": 4.78,
        "pbr": 1.93,
        "is_per_red": false,
        "is_pbr_red": false
      },
      {
        "date": "2021/03/31",
        "per": 6.21,
        "pbr": 1.52,
        "is_per_red": false,
        "is_pbr_red": false
      },
      {
        "date": "2022/03/31",
        "per": 4.61,
        "pbr": 1.09,
        "is_per_red": false,
        "is_pbr_red": false
      },
      {
        "date": "2023/03/31",
        "per": 4.41,
        "pbr": 1.18,
        "is_per_red": false,
        "is_pbr_red": false
      },
      {
        "date": "2024/03/29",
        "per": 6.3,
        "pbr": 1.47,
        "is_per_red": false,
        "is_pbr_red": false
      }
    ],
    "daily_data": [],
    "financial_data": [
      {
        "fiscal_year": "2008/03",
        "sales": 5480.0,
        "operating_profit": 814.0,
        "ordinary_profit": 733.0,
        "net_profit": 59.0,
        "roa": 1.06,
        "operating_margin": 0.2,
        "cost_ratio": 14.84
      },
      {
        "fiscal_year": "2009/03",
        "sales": 4450.0,
        "operating_profit": -741.0,
        "ordinary_profit": -736.0,
        "net_profit": -1610.0000000000002,
        "roa": -1,
        "operating_margin": -1,
        "cost_ratio": -16.65
      },
      {
        "fiscal_year": "2010/03",
        "sales": 3679.9999999999995,
        "operating_profit": -842.0,
        "ordinary_profit": -884.0,
        "net_profit": -1070.0,
        "roe": -44.88,
        "roa": -1,
        "operating_margin": -1,
        "cost_ratio": -22.89
      },
      {
        "fiscal_year": "2011/03",
        "sales": 4280.0,
        "operating_profit": -942.0,
        "ordinary_profit": -996.0000000000001,
        "net_profit": -2010.0000000000002,
        "eps": -2010.0000000000002,
        "roe": -84.02,
        "roa": -1,
        "operating_margin": -1,
        "cost_ratio": -22.04
      },
      {
        "fiscal_year": "2012/03",
        "sales": 2990.0,
        "operating_profit": -352.0,
        "ordinary_profit": -401.99999999999994,
        "net_profit": -897.0000000000001,
        "eps": -872.0000000000001,
        "roe": -20.18,
        "roa": -1,
        "operating_margin": -1,
        "cost_ratio": -11.76
      },
      {
        "fiscal_year": "2013/03",
        "sales": 2760.0,
        "operating_profit": 285.0,
        "ordinary_profit": 217.0,
        "net_profit": 229.0,
        "eps": 242.0,
        "roe": 5.15,
        "roa": 34.7,
        "operating_margin": 1.68,
        "cost_ratio": 10.32
      },
      {
        "fiscal_year": "2014/03",
        "sales": 2570.0,
        "operating_profit": -26.0,
        "ordinary_profit": -129.0,
        "net_profit": -175.0,
        "eps": -134.0,
        "roe": -3.54,
        "roa": -1,
        "operating_margin": -1,
        "cost_ratio": -1.0
      },
      {
        "fiscal_year": "2015/03",
        "sales": 2340.0,
        "operating_profit": -349.0,
        "ordinary_profit": -471.0,
        "net_profit": -368.0,
        "eps": -450.0,
        "roe": -6.62,
        "roa": -1,
        "operating_margin": -1,
        "cost_ratio": -14.92
      },
      {
        "fiscal_year": "2016/03",
        "sales": 2940.0,
        "operating_profit": -101.0,
        "ordinary_profit": -77.0,
        "net_profit": 20.0,
        "eps": 17.0,
        "roe": 0.31,
        "roa": 0.61,
        "operating_margin": 0.13,
        "cost_ratio": -3.45
      },
      {
        "fiscal_year": "2017/03",
        "sales": 2940.0,
        "operating_profit": -1310.0,
        "ordinary_profit": -1490.0,
        "net_profit": -1500.0,
        "eps": -1500.0,
        "roe": -18.83,
        "roa": -1,
        "operating_margin": -1,
        "cost_ratio": -44.58
      },
      {
        "fiscal_year": "2018/03",
        "sales": 1730.0,
        "operating_profit": -1450.0,
        "ordinary_profit": -1689.9999999999998,
        "net_profit": -4050.0,
        "eps": -4050.0,
        "roe": -46.43,
        "roa": -1,
        "operating_margin": -1,
        "cost_ratio": -84.19
      },
      {
        "fiscal_year": "2019/03",
        "sales": 4650.0,
        "operating_profit": 1060.0,
        "ordinary_profit": 864.0,
        "net_profit": 124.0,
        "eps": 124.0,
        "roe": 1.19,
        "roa": 3.77,
        "operating_margin": 0.34,
        "cost_ratio": 22.8
      },
      {
        "fiscal_year": "2020/03",
        "sales": 6680.0,
        "operating_profit": 2540.0,
        "ordinary_profit": 2450.0,
        "net_profit": 2230.0,
        "eps": 2220.0,
        "roe": 15.28,
        "roa": 40.43,
        "operating_margin": 4.3,
        "cost_ratio": 38.07
      },
      {
        "fiscal_year": "2021/03",
        "sales": 6859.999999999999,
        "operating_profit": 2360.0,
        "ordinary_profit": 2270.0,
        "net_profit": 1789.9999999999998,
        "eps": 1810.0000000000002,
        "roe": 61.5,
        "roa": 24.49,
        "operating_margin": 2.62,
        "cost_ratio": 34.36
      },
      {
        "fiscal_year": "2022/03",
        "sales": 7080.0,
        "operating_profit": 2370.0,
        "ordinary_profit": 2360.0,
        "net_profit": 2190.0,
        "eps": 2220.0,
        "roe": 75.1,
        "roa": 23.66,
        "operating_margin": 2.95,
        "cost_ratio": 33.49
      },
      {
        "fiscal_year": "2023/03",
        "sales": 9190.0,
        "operating_profit": 3740.0,
        "ordinary_profit": 3729.9999999999995,
        "net_profit": 3220.0000000000005,
        "eps": 3229.9999999999995,
        "roe": 111.09,
        "roa": 26.87,
        "operating_margin": 3.64,
        "cost_ratio": 40.7,
        "sga_ratio": 2.57
      },
      {
        "fiscal_year": "2024/03",
        "sales": 10100.0,
        "operating_profit": 4410.0,
        "ordinary_profit": 4390.0,
        "net_profit": 3329.9999999999995,
        "eps": 3360.0,
        "roe": 117.38,
        "roa": 23.7,
        "operating_margin": 2.82,
        "cost_ratio": 43.67,
        "sga_ratio": 1.37
      },
      {
        "fiscal_year": "2025/03",
        "sales": 11800.0,
        "operating_profit": 5000.0,
        "ordinary_profit": 5000.0,
        "net_profit": 3400.0,
        "roe": 123.78,
        "roa": 21.04,
        "operating_margin": 3.1,
        "cost_ratio": 42.37
      }
    ],
    "dividend_data": [
      {
        "fiscal_year": "2013/03",
        "total_dividend": 0.0,
        "dividend_yield": 0.0
      },
      {
        "fiscal_year": "2014/03",
        "total_dividend": 0.0
      },
      {
        "fiscal_year": "2015/03",
        "total_dividend": 0.0,
        "dividend_yield": 0.0
      },
      {
        "fiscal_year": "2016/03",
        "total_dividend": 0.0,
        "dividend_yield": 0.0
      },
      {
        "fiscal_year": "2017/03",
        "total_dividend": 0.0,
        "dividend_yield": 0.0
      },
      {
        "fiscal_year": "2018/03",
        "total_dividend": 0.0,
        "dividend_yield": 0.0
      },
      {
        "fiscal_year": "2019/03",
        "total_dividend": 0.0,
        "dividend_yield": 0.0
      },
      {
        "fiscal_year": "2020/03",
        "total_dividend": 0.0,
        "dividend_yield": 0.0
      }
    ]
  },
  {
    "code": "8705",
    "name": "日産証券グループ",
    "annual_data": [
      {
        "date": "2010/03/31",
        "per": -1,
        "pbr": 0.34,
        "is_per_red": true,
        "is_pbr_red": false
      },
      {
        "date": "2011/03/31",
        "per": -1,
        "pbr": 0.41,
        "is_per_red": true,
        "is_pbr_red": false
      },
      {
        "date": "2012/03/30",
        "per": -1,
        "pbr": 0.61,
        "is_per_red": true,
        "is_pbr_red": false
      },
      {
        "date": "2013/03/29",
        "per": 16.88,
        "pbr": 0.95,
        "is_per_red": false,
        "is_pbr_red": false
      },
      {
        "date": "2014/03/31",
        "per": 4.43,
        "pbr": 0.58,
        "is_per_red": false,
        "is_pbr_red": false
      },
      {
        "date": "2015/03/31",
        "per": 5.17,
        "pbr": 0.54,
        "is_per_red": false,
        "is_pbr_red": false
      },
      {
        "date": "2016/03/31",
        "per": 4.04,
        "pbr": 0.34,
        "is_per_red": false,
        "is_pbr_red": false
      },
      {
        "date": "2017/03/31",
        "per": -1,
        "pbr": 0.42,
        "is_per_red": true,
        "is_pbr_red": false
      },
      {
        "date": "2018/03/30",
        "per": -1,
        "pbr": 0.53,
        "is_per_red": true,
        "is_pbr_red": false
      },
      {
        "date": "2019/03/29",
        "per": 9.91,
        "pbr": 0.5,
        "is_per_red": false,
        "is_pbr_red": false
      },
      {
        "date": "2020/03/31",
        "per": 14.61,
        "pbr": 0.24,
        "is_per_red": false,
        "is_pbr_red": false
      },
      {
        "date": "2021/03/31",
        "per": 5.94,
        "pbr": 0.78,
        "is_per_red": false,
        "is_pbr_red": false
      },
      {
        "date": "2022/03/31",
        "per": 15.31,
        "pbr": 0.64,
        "is_per_red": false,
        "is_pbr_red": false
      },
      {
        "date": "2023/03/31",
        "per": 36.38,
        "pbr": 0.76,
        "is_per_red": false,
        "is_pbr_red": false
      },
      {
        "date": "2024/03/29",
        "per": 27.14,
        "pbr": 1.05,
        "is_per_red": false,
        "is_pbr_red": false
      }
    ],
    "daily_data": [],
    "financial_data": [
      {
        "fiscal_year": "2008/03",
        "sales": 8059.999999999999,
        "operating_profit": -767.0,
        "ordinary_profit": -793.0,
        "net_profit": 20.0,
        "roa": 0.2,
        "operating_margin": 0.04,
        "cost_ratio": -9.52,
        "sga_ratio": 109.52
      },
      {
        "fiscal_year": "2009/03",
        "sales": 6450.0,
        "operating_profit": -1730.0,
        "ordinary_profit": -1430.0,
        "net_profit": -3840.0,
        "roa": -1,
        "operating_margin": -1,
        "cost_ratio": -26.83,
        "sga_ratio": 126.83
      },
      {
        "fiscal_year": "2010/03",
        "sales": 6530.0,
        "operating_profit": -926.0,
        "ordinary_profit": -958.0,
        "net_profit": -720.0,
        "roe": -72.22,
        "roa": -1,
        "operating_margin": -1,
        "cost_ratio": -14.18,
        "sga_ratio": 114.18
      },
      {
        "fiscal_year": "2011/03",
        "sales": 6570.0,
        "operating_profit": -834.0,
        "ordinary_profit": -896.0000000000001,
        "net_profit": -1170.0,
        "eps": -1450.0,
        "roe": -116.95,
        "roa": -1,
        "operating_margin": -1,
        "cost_ratio": -12.68,
        "sga_ratio": 112.68
      },
      {
        "fiscal_year": "2012/03",
        "sales": 5070.0,
        "operating_profit": -1230.0,
        "ordinary_profit": -1230.0,
        "net_profit": -2580.0,
        "eps": -2420.0,
        "roe": -258.84,
        "roa": -1,
        "operating_margin": -1,
        "cost_ratio": -24.28,
        "sga_ratio": 124.28
      },
      {
        "fiscal_year": "2013/03",
        "sales": 5080.0,
        "operating_profit": 216.0,
        "ordinary_profit": 341.0,
        "net_profit": 164.0,
        "eps": 488.99999999999994,
        "roe": 16.41,
        "roa": 5.64,
        "operating_margin": 0.59,
        "cost_ratio": 4.24,
        "sga_ratio": 95.76
      },
      {
        "fiscal_year": "2014/03",
        "sales": 4980.0,
        "operating_profit": 553.0,
        "ordinary_profit": 620.0,
        "net_profit": 445.0,
        "eps": 475.0,
        "roe": 55.14,
        "roa": 12.54,
        "operating_margin": 1.83,
        "cost_ratio": 11.12,
        "sga_ratio": 88.88
      },
      {
        "fiscal_year": "2015/03",
        "sales": 4810.0,
        "operating_profit": 440.00000000000006,
        "ordinary_profit": 471.0,
        "net_profit": 430.0,
        "eps": 592.0,
        "roe": 50.71,
        "roa": 10.51,
        "operating_margin": 1.6,
        "cost_ratio": 9.15,
        "sga_ratio": 90.85
      },
      {
        "fiscal_year": "2016/03",
        "sales": 3300.0,
        "operating_profit": -679.0,
        "ordinary_profit": -586.0,
        "net_profit": 331.0,
        "eps": -137.0,
        "roe": 38.64,
        "roa": 8.42,
        "operating_margin": 1.25,
        "cost_ratio": -20.61,
        "sga_ratio": 120.61
      },
      {
        "fiscal_year": "2017/03",
        "sales": 2860.0,
        "operating_profit": -699.0,
        "ordinary_profit": -678.0,
        "net_profit": -858.0,
        "eps": -800.0,
        "roe": -99.98,
        "roa": -1,
        "operating_margin": -1,
        "cost_ratio": -24.42,
        "sga_ratio": 123.69
      },
      {
        "fiscal_year": "2018/03",
        "sales": 2750.0,
        "operating_profit": -190.0,
        "ordinary_profit": -153.0,
        "net_profit": -177.0,
        "eps": -119.0,
        "roe": -20.36,
        "roa": -1,
        "operating_margin": -1,
        "cost_ratio": -6.91,
        "sga_ratio": 106.59
      },
      {
        "fiscal_year": "2019/03",
        "sales": 2670.0,
        "operating_profit": 15.0,
        "ordinary_profit": 38.0,
        "net_profit": 168.0,
        "eps": 120.0,
        "roe": 16.24,
        "roa": 4.88,
        "operating_margin": 0.49,
        "cost_ratio": 0.57
      },
      {
        "fiscal_year": "2020/03",
        "sales": 2860.0,
        "operating_profit": -223.0,
        "ordinary_profit": -198.0,
        "net_profit": 90.0,
        "eps": -169.0,
        "roe": 8.35,
        "roa": 1.61,
        "operating_margin": 0.3,
        "cost_ratio": -7.83,
        "sga_ratio": 107.65
      },
      {
        "fiscal_year": "2021/03",
        "sales": 7740.000000000001,
        "operating_profit": 581.0,
        "ordinary_profit": 735.0,
        "net_profit": 1590.0,
        "eps": 2390.0,
        "roe": 30.64,
        "roa": 11.83,
        "operating_margin": 1.71,
        "cost_ratio": 7.51,
        "sga_ratio": 91.53
      },
      {
        "fiscal_year": "2022/03",
        "sales": 7200.0,
        "operating_profit": -164.0,
        "ordinary_profit": 7.000000000000001,
        "net_profit": 536.0,
        "eps": -487.0,
        "roe": 9.21,
        "roa": 4.17,
        "operating_margin": 0.56,
        "cost_ratio": -2.28
      },
      {
        "fiscal_year": "2023/03",
        "sales": 6609.999999999999,
        "operating_profit": 275.0,
        "ordinary_profit": 364.0,
        "net_profit": 259.0,
        "eps": -72.0,
        "roe": 4.48,
        "roa": 2.11,
        "operating_margin": 0.29,
        "cost_ratio": 4.16
      },
      {
        "fiscal_year": "2024/03",
        "sales": 7740.000000000001,
        "operating_profit": 903.9999999999999,
        "ordinary_profit": 1130.0,
        "net_profit": 553.0,
        "eps": 2340.0,
        "roe": 9.8,
        "roa": 3.86,
        "operating_margin": 0.49,
        "cost_ratio": 11.68
      }
    ],
    "dividend_data": [
      {
        "fiscal_year": "2010/03",
        "total_dividend": 5.0,
        "dividend_yield": 2.39
      },
      {
        "fiscal_year": "2011/03",
        "total_dividend": 0.0,
        "dividend_yield": 0.0
      },
      {
        "fiscal_year": "2012/03",
        "total_dividend": 0.0,
        "dividend_yield": 0.0
      },
      {
        "fiscal_year": "2013/03",
        "total_dividend": 0.0,
        "dividend_yield": 0.0
      }
    ]
  },
  {
    "code": "8706",
    "name": "極東証券",
    "annual_data": [
      {
        "date": "2010/03/31",
        "per": 7.59,
        "pbr": 0.92,
        "is_per_red": false,
        "is_pbr_red": false
      },
      {
        "date": "2011/03/31",
        "per": 11.67,
        "pbr": 0.61,
        "is_per_red": false,
        "is_pbr_red": false
      },
      {
        "date": "2012/03/30",
        "per": 9.38,
        "pbr": 0.71,
        "is_per_red": false,
        "is_pbr_red": false
      },
      {
        "date": "2013/03/29",
        "per": 9.71,
        "pbr": 1.25,
        "is_per_red": false,
        "is_pbr_red": false
      },
      {
        "date": "2014/03/31",
        "per": 6.89,
        "pbr": 1.3,
        "is_per_red": false,
        "is_pbr_red": false
      },
      {
        "date": "2015/03/31",
        "per": 9.98,
        "pbr": 1.28,
        "is_per_red": false,
        "is_pbr_red": false
      },
      {
        "date": "2016/03/31",
        "per": 15.06,
        "pbr": 1.0,
        "is_per_red": false,
        "is_pbr_red": false
      },
      {
        "date": "2017/03/31",
        "per": 10.89,
        "pbr": 1.12,
        "is_per_red": false,
        "is_pbr_red": false
      },
      {
        "date": "2018/03/30",
        "per": 16.01,
        "pbr": 1.06,
        "is_per_red": false,
        "is_pbr_red": false
      },
      {
        "date": "2019/03/29",
        "per": 19.52,
        "pbr": 0.72,
        "is_per_red": false,
        "is_pbr_red": false
      },
      {
        "date": "2020/03/31",
        "per": -1,
        "pbr": 0.43,
        "is_per_red": true,
        "is_pbr_red": false
      },
      {
        "date": "2021/03/31",
        "per": 8.94,
        "pbr": 0.6,
        "is_per_red": false,
        "is_pbr_red": false
      },
      {
        "date": "2022/03/31",
        "per": 11.05,
        "pbr": 0.51,
        "is_per_red": false,
        "is_pbr_red": false
      },
      {
        "date": "2023/03/31",
        "per": 16.23,
        "pbr": 0.4,
        "is_per_red": false,
        "is_pbr_red": false
      },
      {
        "date": "2024/03/29",
        "per": 11.5,
        "pbr": 0.93,
        "is_per_red": false,
        "is_pbr_red": false
      }
    ],
    "daily_data": [],
    "financial_data": [
      {
        "fiscal_year": "2008/03",
        "sales": 9200.0,
        "operating_profit": 2880.0,
        "ordinary_profit": 3060.0,
        "net_profit": 1770.0,
        "roa": 5.7,
        "operating_margin": 2.58,
        "cost_ratio": 31.35,
        "sga_ratio": 66.05
      },
      {
        "fiscal_year": "2009/03",
        "sales": 4960.0,
        "operating_profit": -998.0,
        "ordinary_profit": -821.0000000000001,
        "net_profit": -1450.0,
        "roa": -1,
        "operating_margin": -1,
        "cost_ratio": -20.11,
        "sga_ratio": 115.54
      },
      {
        "fiscal_year": "2010/03",
        "sales": 15300.0,
        "operating_profit": 7209.999999999999,
        "ordinary_profit": 7520.0,
        "net_profit": 3810.0,
        "roe": 116.11,
        "roa": 12.09,
        "operating_margin": 7.03,
        "cost_ratio": 47.15,
        "sga_ratio": 51.47
      },
      {
        "fiscal_year": "2011/03",
        "sales": 7950.0,
        "operating_profit": 2680.0,
        "ordinary_profit": 2780.0,
        "net_profit": 1639.9999999999998,
        "eps": 1580.0,
        "roe": 50.12,
        "roa": 5.24,
        "operating_margin": 2.89,
        "cost_ratio": 33.69,
        "sga_ratio": 64.52
      },
      {
        "fiscal_year": "2012/03",
        "sales": 9900.0,
        "operating_profit": 4570.0,
        "ordinary_profit": 4740.0,
        "net_profit": 2500.0,
        "eps": 2560.0,
        "roe": 76.33,
        "roa": 7.59,
        "operating_margin": 4.12,
        "cost_ratio": 46.15,
        "sga_ratio": 52.55
      },
      {
        "fiscal_year": "2013/03",
        "sales": 12200.0,
        "operating_profit": 7009.999999999999,
        "ordinary_profit": 7240.000000000001,
        "net_profit": 5170.0,
        "eps": 8600.0,
        "roe": 157.72,
        "roa": 12.83,
        "operating_margin": 6.65,
        "cost_ratio": 57.41,
        "sga_ratio": 41.55
      },
      {
        "fiscal_year": "2014/03",
        "sales": 13900.0,
        "operating_profit": 6850.0,
        "ordinary_profit": 7530.0,
        "net_profit": 8000.0,
        "eps": 5680.0,
        "roe": 250.64,
        "roa": 18.93,
        "operating_margin": 8.68,
        "cost_ratio": 49.24,
        "sga_ratio": 46.55
      },
      {
        "fiscal_year": "2015/03",
        "sales": 13400.0,
        "operating_profit": 6270.0,
        "ordinary_profit": 6330.0,
        "net_profit": 5660.0,
        "eps": 5180.0,
        "roe": 177.39,
        "roa": 12.83,
        "operating_margin": 5.7,
        "cost_ratio": 46.95,
        "sga_ratio": 50.02
      },
      {
        "fiscal_year": "2016/03",
        "sales": 10200.0,
        "operating_profit": 3420.0000000000005,
        "ordinary_profit": 4280.0,
        "net_profit": 2870.0,
        "eps": 2920.0,
        "roe": 89.87,
        "roa": 6.66,
        "operating_margin": 3.45,
        "cost_ratio": 33.46,
        "sga_ratio": 65.39
      },
      {
        "fiscal_year": "2017/03",
        "sales": 10300.0,
        "operating_profit": 4240.0,
        "ordinary_profit": 4740.0,
        "net_profit": 4690.0,
        "eps": 6630.0,
        "roe": 146.95,
        "roa": 10.27,
        "operating_margin": 6.49,
        "cost_ratio": 41.04,
        "sga_ratio": 57.68
      },
      {
        "fiscal_year": "2018/03",
        "sales": 8290.0,
        "operating_profit": 3100.0,
        "ordinary_profit": 3570.0000000000005,
        "net_profit": 3070.0,
        "eps": 3140.0,
        "roe": 96.08,
        "roa": 6.59,
        "operating_margin": 4.2,
        "cost_ratio": 37.36,
        "sga_ratio": 61.7
      },
      {
        "fiscal_year": "2019/03",
        "sales": 6490.000000000001,
        "operating_profit": 1450.0,
        "ordinary_profit": 1689.9999999999998,
        "net_profit": 1680.0,
        "eps": 1550.0,
        "roe": 52.66,
        "roa": 3.67,
        "operating_margin": 2.47,
        "cost_ratio": 22.31,
        "sga_ratio": 76.67
      },
      {
        "fiscal_year": "2020/03",
        "sales": 3670.0000000000005,
        "operating_profit": -1280.0,
        "ordinary_profit": -746.0,
        "net_profit": -560.0,
        "eps": -2100.0,
        "roe": -17.55,
        "roa": -1,
        "operating_margin": -1,
        "cost_ratio": -34.77,
        "sga_ratio": 133.02
      },
      {
        "fiscal_year": "2021/03",
        "sales": 8950.0,
        "operating_profit": 3910.0,
        "ordinary_profit": 4400.0,
        "net_profit": 3100.0,
        "eps": 4630.0,
        "roe": 97.21,
        "roa": 6.7,
        "operating_margin": 3.98,
        "cost_ratio": 43.73,
        "sga_ratio": 55.54
      },
      {
        "fiscal_year": "2022/03",
        "sales": 6490.000000000001,
        "operating_profit": 1300.0,
        "ordinary_profit": 1880.0,
        "net_profit": 2120.0,
        "eps": 1440.0,
        "roe": 66.36,
        "roa": 4.59,
        "operating_margin": 2.95,
        "cost_ratio": 20.02,
        "sga_ratio": 79.17
      },
      {
        "fiscal_year": "2023/03",
        "sales": 4320.0,
        "operating_profit": -312.0,
        "ordinary_profit": 491.0,
        "net_profit": 1170.0,
        "eps": 2310.0,
        "roe": 36.61,
        "roa": 2.47,
        "operating_margin": 1.65,
        "cost_ratio": -7.23,
        "sga_ratio": 105.96
      },
      {
        "fiscal_year": "2024/03",
        "sales": 7730.0,
        "operating_profit": 2950.0,
        "ordinary_profit": 3710.0,
        "net_profit": 4340.0,
        "eps": 7809.999999999999,
        "roe": 136.08,
        "roa": 8.09,
        "operating_margin": 5.2,
        "cost_ratio": 38.18,
        "sga_ratio": 61.13
      }
    ],
    "dividend_data": [
      {
        "fiscal_year": "2010/03",
        "total_dividend": 60.0,
        "dividend_yield": 6.81
      },
      {
        "fiscal_year": "2011/03",
        "total_dividend": 30.0,
        "dividend_yield": 5.13
      },
      {
        "fiscal_year": "2012/03",
        "total_dividend": 40.0,
        "dividend_yield": 5.59
      },
      {
        "fiscal_year": "2013/03",
        "total_dividend": 82.0,
        "dividend_yield": 5.36
      }
    ]
  },
  {
    "code": "8707",
    "name": "岩井コスモホールディングス",
    "annual_data": [
      {
        "date": "2010/03/31",
        "per": -1,
        "pbr": 0.51,
        "is_per_red": true,
        "is_pbr_red": false
      },
      {
        "date": "2011/03/31",
        "per": 3.64,
        "pbr": 0.37,
        "is_per_red": false,
        "is_pbr_red": false
      },
      {
        "date": "2012/03/30",
        "per": -1,
        "pbr": 0.43,
        "is_per_red": true,
        "is_pbr_red": false
      },
      {
        "date": "2013/03/29",
        "per": 8.45,
        "pbr": 0.78,
        "is_per_red": false,
        "is_pbr_red": false
      },
      {
        "date": "2014/03/31",
        "per": 3.55,
        "pbr": 0.74,
        "is_per_red": false,
        "is_pbr_red": false
      },
      {
        "date": "2015/03/31",
        "per": 9.18,
        "pbr": 0.99,
        "is_per_red": false,
        "is_pbr_red": false
      },
      {
        "date": "2016/03/31",
        "per": 7.37,
        "pbr": 0.61,
        "is_per_red": false,
        "is_pbr_red": false
      },
      {
        "date": "2017/03/31",
        "per": 7.66,
        "pbr": 0.59,
        "is_per_red": false,
        "is_pbr_red": false
      },
      {
        "date": "2018/03/30",
        "per": 6.94,
        "pbr": 0.69,
        "is_per_red": false,
        "is_pbr_red": false
      },
      {
        "date": "2019/03/29",
        "per": 7.0,
        "pbr": 0.58,
        "is_per_red": false,
        "is_pbr_red": false
      },
      {
        "date": "2020/03/31",
        "per": 8.19,
        "pbr": 0.43,
        "is_per_red": false,
        "is_pbr_red": false
      },
      {
        "date": "2021/03/31",
        "per": 7.74,
        "pbr": 0.74,
        "is_per_red": false,
        "is_pbr_red": false
      },
      {
        "date": "2022/03/31",
        "per": 8.33,
        "pbr": 0.55,
        "is_per_red": false,
        "is_pbr_red": false
      },
      {
        "date": "2023/03/31",
        "per": 8.83,
        "pbr": 0.55,
        "is_per_red": false,
        "is_pbr_red": false
      },
      {
        "date": "2024/03/29",
        "per": 9.48,
        "pbr": 0.79,
        "is_per_red": false,
        "is_pbr_red": false
      }
    ],
    "daily_data": [],
    "financial_data": [
      {
        "fiscal_year": "2008/03",
        "sales": 10300.0,
        "operating_profit": 2330.0,
        "ordinary_profit": 2420.0,
        "net_profit": 1730.0,
        "roa": 5.36,
        "operating_margin": 1.47,
        "cost_ratio": 22.64
      },
      {
        "fiscal_year": "2009/03",
        "sales": 7090.000000000001,
        "operating_profit": -347.0,
        "ordinary_profit": -231.0,
        "net_profit": -751.0,
        "roa": -1,
        "operating_margin": -1,
        "cost_ratio": -4.9
      },
      {
        "fiscal_year": "2010/03",
        "sales": 6010.0,
        "operating_profit": -417.0,
        "ordinary_profit": -314.0,
        "net_profit": -561.0,
        "roe": -22.43,
        "roa": -1,
        "operating_margin": -1,
        "cost_ratio": -6.94
      },
      {
        "fiscal_year": "2011/03",
        "sales": 20200.0,
        "operating_profit": -1920.0,
        "ordinary_profit": -1810.0000000000002,
        "net_profit": 3210.0,
        "eps": 3070.0,
        "roe": 128.42,
        "roa": 10.14,
        "operating_margin": 1.9,
        "cost_ratio": -9.48,
        "sga_ratio": 105.81
      },
      {
        "fiscal_year": "2012/03",
        "sales": 16200.0,
        "operating_profit": -3650.0,
        "ordinary_profit": -3310.0,
        "net_profit": -6360.0,
        "eps": -6150.0,
        "roe": -254.28,
        "roa": -1,
        "operating_margin": -1,
        "cost_ratio": -22.58,
        "sga_ratio": 119.29
      },
      {
        "fiscal_year": "2013/03",
        "sales": 17600.0,
        "operating_profit": 1010.0,
        "ordinary_profit": 1200.0,
        "net_profit": 2680.0,
        "eps": 3840.0,
        "roe": 107.27,
        "roa": 9.25,
        "operating_margin": 1.57,
        "cost_ratio": 5.75,
        "sga_ratio": 91.94
      },
      {
        "fiscal_year": "2014/03",
        "sales": 23900.0,
        "operating_profit": 7059.999999999999,
        "ordinary_profit": 7350.0,
        "net_profit": 7680.0,
        "eps": 8800.0,
        "roe": 316.13,
        "roa": 20.76,
        "operating_margin": 4.1,
        "cost_ratio": 29.54,
        "sga_ratio": 68.21
      },
      {
        "fiscal_year": "2015/03",
        "sales": 20400.0,
        "operating_profit": 4460.0,
        "ordinary_profit": 4740.0,
        "net_profit": 4440.0,
        "eps": 6120.0,
        "roe": 184.56,
        "roa": 10.88,
        "operating_margin": 2.14,
        "cost_ratio": 21.89,
        "sga_ratio": 75.55
      },
      {
        "fiscal_year": "2016/03",
        "sales": 18800.0,
        "operating_profit": 3400.0,
        "ordinary_profit": 3690.0,
        "net_profit": 3500.0,
        "eps": 3670.0000000000005,
        "roe": 148.51,
        "roa": 8.24,
        "operating_margin": 2.08,
        "cost_ratio": 18.13,
        "sga_ratio": 79.36
      },
      {
        "fiscal_year": "2017/03",
        "sales": 16100.0,
        "operating_profit": 1580.0,
        "ordinary_profit": 1920.0,
        "net_profit": 3340.0,
        "eps": 2020.0,
        "roe": 142.15,
        "roa": 7.73,
        "operating_margin": 1.82,
        "cost_ratio": 9.78,
        "sga_ratio": 87.77
      },
      {
        "fiscal_year": "2018/03",
        "sales": 21100.0,
        "operating_profit": 5200.0,
        "ordinary_profit": 5470.0,
        "net_profit": 4730.0,
        "eps": 5810.0,
        "roe": 201.2,
        "roa": 9.91,
        "operating_margin": 2.3,
        "cost_ratio": 24.67,
        "sga_ratio": 73.34
      },
      {
        "fiscal_year": "2019/03",
        "sales": 21200.0,
        "operating_profit": 5520.0,
        "ordinary_profit": 5920.0,
        "net_profit": 4150.0,
        "eps": 4120.0,
        "roe": 176.59,
        "roa": 8.29,
        "operating_margin": 2.32,
        "cost_ratio": 26.0,
        "sga_ratio": 72.63
      },
      {
        "fiscal_year": "2020/03",
        "sales": 18900.0,
        "operating_profit": 3820.0000000000005,
        "ordinary_profit": 4240.0,
        "net_profit": 2700.0,
        "eps": 2540.0,
        "roe": 114.95,
        "roa": 5.31,
        "operating_margin": 1.62,
        "cost_ratio": 20.14,
        "sga_ratio": 77.85
      },
      {
        "fiscal_year": "2021/03",
        "sales": 23000.0,
        "operating_profit": 7180.0,
        "ordinary_profit": 7530.0,
        "net_profit": 5360.0,
        "eps": 7130.0,
        "roe": 228.28,
        "roa": 9.54,
        "operating_margin": 2.78,
        "cost_ratio": 31.24,
        "sga_ratio": 67.37
      },
      {
        "fiscal_year": "2022/03",
        "sales": 20700.0,
        "operating_profit": 5380.0,
        "ordinary_profit": 5800.0,
        "net_profit": 3760.0,
        "eps": 3040.0,
        "roe": 159.9,
        "roa": 6.65,
        "operating_margin": 2.06,
        "cost_ratio": 25.99,
        "sga_ratio": 73.07
      },
      {
        "fiscal_year": "2023/03",
        "sales": 19700.0,
        "operating_profit": 4770.0,
        "ordinary_profit": 5170.0,
        "net_profit": 3560.0,
        "eps": 2940.0,
        "roe": 151.73,
        "roa": 6.19,
        "operating_margin": 1.94,
        "cost_ratio": 24.22,
        "sga_ratio": 74.44
      },
      {
        "fiscal_year": "2024/03",
        "sales": 24000.0,
        "operating_profit": 7600.0,
        "ordinary_profit": 8000.0,
        "net_profit": 5550.0,
        "eps": 10700.0,
        "roe": 236.45,
        "roa": 8.37,
        "operating_margin": 2.67,
        "cost_ratio": 31.61,
        "sga_ratio": 67.3
      }
    ],
    "dividend_data": [
      {
        "fiscal_year": "2010/03",
        "total_dividend": 20.0,
        "dividend_yield": 3.4
      },
      {
        "fiscal_year": "2011/03",
        "total_dividend": 10.0,
        "dividend_yield": 2.14
      },
      {
        "fiscal_year": "2012/03",
        "total_dividend": 5.0,
        "dividend_yield": 1.14
      },
      {
        "fiscal_year": "2013/03",
        "total_dividend": 15.0,
        "dividend_yield": 1.66
      }
    ]
  },
  {
    "code": "8708",
    "name": "アイザワ証券グループ",
    "annual_data": [
      {
        "date": "2010/03/31",
        "per": -1,
        "pbr": 0.24,
        "is_per_red": true,
        "is_pbr_red": false
      },
      {
        "date": "2011/03/31",
        "per": -1,
        "pbr": 0.21,
        "is_per_red": true,
        "is_pbr_red": false
      },
      {
        "date": "2012/03/30",
        "per": -1,
        "pbr": 0.27,
        "is_per_red": true,
        "is_pbr_red": false
      },
      {
        "date": "2013/03/29",
        "per": 14.7,
        "pbr": 0.61,
        "is_per_red": false,
        "is_pbr_red": false
      },
      {
        "date": "2014/03/31",
        "per": 3.65,
        "pbr": 0.62,
        "is_per_red": false,
        "is_pbr_red": false
      },
      {
        "date": "2015/03/31",
        "per": 10.1,
        "pbr": 0.6,
        "is_per_red": false,
        "is_pbr_red": false
      },
      {
        "date": "2016/03/31",
        "per": 12.95,
        "pbr": 0.46,
        "is_per_red": false,
        "is_pbr_red": false
      },
      {
        "date": "2017/03/31",
        "per": 25.85,
        "pbr": 0.52,
        "is_per_red": false,
        "is_pbr_red": false
      },
      {
        "date": "2018/03/30",
        "per": 14.87,
        "pbr": 0.59,
        "is_per_red": false,
        "is_pbr_red": false
      },
      {
        "date": "2019/03/29",
        "per": 117.54,
        "pbr": 0.54,
        "is_per_red": false,
        "is_pbr_red": false
      },
      {
        "date": "2020/03/31",
        "per": 34.24,
        "pbr": 0.64,
        "is_per_red": false,
        "is_pbr_red": false
      },
      {
        "date": "2021/03/31",
        "per": 9.02,
        "pbr": 0.69,
        "is_per_red": false,
        "is_pbr_red": false
      },
      {
        "date": "2022/03/31",
        "per": 9.94,
        "pbr": 0.51,
        "is_per_red": false,
        "is_pbr_red": false
      },
      {
        "date": "2023/03/31",
        "per": -1,
        "pbr": 0.51,
        "is_per_red": true,
        "is_pbr_red": false
      },
      {
        "date": "2024/03/29",
        "per": 14.75,
        "pbr": 0.78,
        "is_per_red": false,
        "is_pbr_red": false
      }
    ],
    "daily_data": [],
    "financial_data": [
      {
        "fiscal_year": "2008/03",
        "sales": 15900.0,
        "operating_profit": -179.0,
        "ordinary_profit": 135.0,
        "net_profit": 1160.0,
        "roa": 2.21,
        "operating_margin": 1.2,
        "cost_ratio": -1.13,
        "sga_ratio": 96.93
      },
      {
        "fiscal_year": "2009/03",
        "sales": 9850.0,
        "operating_profit": -3200.0,
        "ordinary_profit": -3000.0,
        "net_profit": -6720.0,
        "roa": -1,
        "operating_margin": -1,
        "cost_ratio": -32.47,
        "sga_ratio": 128.47
      },
      {
        "fiscal_year": "2010/03",
        "sales": 11100.0,
        "operating_profit": -810.0,
        "ordinary_profit": -1280.0,
        "net_profit": -1170.0,
        "roe": -23.56,
        "roa": -1,
        "operating_margin": -1,
        "cost_ratio": -7.29,
        "sga_ratio": 104.54
      },
      {
        "fiscal_year": "2011/03",
        "sales": 9490.0,
        "operating_profit": -1970.0,
        "ordinary_profit": -1980.0,
        "net_profit": -2610.0,
        "eps": -3640.0,
        "roe": -52.6,
        "roa": -1,
        "operating_margin": -1,
        "cost_ratio": -20.8,
        "sga_ratio": 118.14
      },
      {
        "fiscal_year": "2012/03",
        "sales": 8460.0,
        "operating_profit": -1300.0,
        "ordinary_profit": -924.0,
        "net_profit": -1620.0,
        "eps": -1889.9999999999998,
        "roe": -32.79,
        "roa": -1,
        "operating_margin": -1,
        "cost_ratio": -15.34,
        "sga_ratio": 113.85
      },
      {
        "fiscal_year": "2013/03",
        "sales": 11400.0,
        "operating_profit": 1780.0,
        "ordinary_profit": 1760.0000000000002,
        "net_profit": 1830.0,
        "eps": 7600.0,
        "roe": 36.93,
        "roa": 4.16,
        "operating_margin": 2.5,
        "cost_ratio": 15.65,
        "sga_ratio": 83.5
      },
      {
        "fiscal_year": "2014/03",
        "sales": 16100.0,
        "operating_profit": 4360.0,
        "ordinary_profit": 5310.0,
        "net_profit": 8730.0,
        "eps": 8760.0,
        "roe": 201.97,
        "roa": 16.97,
        "operating_margin": 10.11,
        "cost_ratio": 27.09,
        "sga_ratio": 72.09
      },
      {
        "fiscal_year": "2015/03",
        "sales": 14700.0,
        "operating_profit": 2910.0,
        "ordinary_profit": 2990.0,
        "net_profit": 3410.0,
        "eps": 6950.0,
        "roe": 78.8,
        "roa": 5.99,
        "operating_margin": 3.68,
        "cost_ratio": 19.76,
        "sga_ratio": 79.33
      },
      {
        "fiscal_year": "2016/03",
        "sales": 12400.0,
        "operating_profit": 792.0,
        "ordinary_profit": 1610.0000000000002,
        "net_profit": 1980.0,
        "eps": 82.0,
        "roe": 45.71,
        "roa": 3.59,
        "operating_margin": 2.47,
        "cost_ratio": 6.4,
        "sga_ratio": 92.56
      },
      {
        "fiscal_year": "2017/03",
        "sales": 10500.0,
        "operating_profit": -278.0,
        "ordinary_profit": 600.0,
        "net_profit": 1090.0,
        "eps": 62.0,
        "roe": 25.22,
        "roa": 2.02,
        "operating_margin": 1.13,
        "cost_ratio": -2.66,
        "sga_ratio": 101.63
      },
      {
        "fiscal_year": "2018/03",
        "sales": 18000.0,
        "operating_profit": 1860.0000000000002,
        "ordinary_profit": 2850.0,
        "net_profit": 2260.0,
        "eps": 4220.0,
        "roe": 52.17,
        "roa": 3.94,
        "operating_margin": 2.13,
        "cost_ratio": 10.28,
        "sga_ratio": 88.7
      },
      {
        "fiscal_year": "2019/03",
        "sales": 12700.0,
        "operating_profit": -1989.9999999999998,
        "ordinary_profit": -1060.0,
        "net_profit": 246.0,
        "eps": -2460.0,
        "roe": 5.7,
        "roa": 0.46,
        "operating_margin": 0.29,
        "cost_ratio": -15.64,
        "sga_ratio": 114.69
      },
      {
        "fiscal_year": "2020/03",
        "sales": 14200.0,
        "operating_profit": 252.0,
        "ordinary_profit": 1520.0,
        "net_profit": 940.0,
        "eps": -2010.0000000000002,
        "roe": 22.02,
        "roa": 1.87,
        "operating_margin": 1.1,
        "cost_ratio": 1.78,
        "sga_ratio": 97.39
      },
      {
        "fiscal_year": "2021/03",
        "sales": 16400.0,
        "operating_profit": 928.9999999999999,
        "ordinary_profit": 1540.0,
        "net_profit": 4540.0,
        "eps": 10400.0,
        "roe": 111.07,
        "roa": 7.85,
        "operating_margin": 4.24,
        "cost_ratio": 5.65,
        "sga_ratio": 93.63
      },
      {
        "fiscal_year": "2022/03",
        "sales": 16100.0,
        "operating_profit": -533.0,
        "ordinary_profit": 1430.0,
        "net_profit": 2900.0,
        "eps": 761.0,
        "roe": 73.83,
        "roa": 5.21,
        "operating_margin": 2.77,
        "cost_ratio": -3.32,
        "sga_ratio": 100.64
      },
      {
        "fiscal_year": "2023/03",
        "sales": 12800.0,
        "operating_profit": -2780.0,
        "ordinary_profit": -1910.0000000000002,
        "net_profit": -2380.0,
        "eps": -2680.0,
        "roe": -62.02,
        "roa": -1,
        "operating_margin": -1,
        "cost_ratio": -21.82,
        "sga_ratio": 117.57
      },
      {
        "fiscal_year": "2024/03",
        "sales": 19000.0,
        "operating_profit": 1160.0,
        "ordinary_profit": 1939.9999999999998,
        "net_profit": 2980.0,
        "eps": 6370.0,
        "roe": 79.37,
        "roa": 5.35,
        "operating_margin": 2.4,
        "cost_ratio": 6.11,
        "sga_ratio": 89.73
      }
    ],
    "dividend_data": [
      {
        "fiscal_year": "2010/03",
        "total_dividend": 5.0,
        "dividend_yield": 2.37
      },
      {
        "fiscal_year": "2011/03",
        "total_dividend": 4.0,
        "dividend_yield": 2.38
      },
      {
        "fiscal_year": "2012/03",
        "total_dividend": 4.0,
        "dividend_yield": 2.02
      },
      {
        "fiscal_year": "2013/03",
        "total_dividend": 15.0,
        "dividend_yield": 2.76
      },
      {
        "fiscal_year": "2014/03",
        "total_dividend": 40.0,
        "dividend_yield": 5.42
      }
    ]
  },
  {
    "code": "8732",
    "name": "マネーパートナーズグループ",
    "annual_data": [
      {
        "date": "2010/03/31",
        "per": 8.16,
        "pbr": 1.0,
        "is_per_red": false,
        "is_pbr_red": false
      },
      {
        "date": "2011/03/31",
        "per": 11.55,
        "pbr": 0.63,
        "is_per_red": false,
        "is_pbr_red": false
      },
      {
        "date": "2012/03/30",
        "per": 16.41,
        "pbr": 0.57,
        "is_per_red": false,
        "is_pbr_red": false
      },
      {
        "date": "2013/03/29",
        "per": 84.46,
        "pbr": 0.83,
        "is_per_red": false,
        "is_pbr_red": false
      },
      {
        "date": "2014/03/31",
        "per": 11.02,
        "pbr": 0.71,
        "is_per_red": false,
        "is_pbr_red": false
      },
      {
        "date": "2015/03/31",
        "per": 14.45,
        "pbr": 1.03,
        "is_per_red": false,
        "is_pbr_red": false
      },
      {
        "date": "2016/03/31",
        "per": 23.88,
        "pbr": 2.1,
        "is_per_red": false,
        "is_pbr_red": false
      },
      {
        "date": "2017/03/31",
        "per": 18.46,
        "pbr": 1.18,
        "is_per_red": false,
        "is_pbr_red": false
      },
      {
        "date": "2018/03/30",
        "per": 18.48,
        "pbr": 1.02,
        "is_per_red": false,
        "is_pbr_red": false
      },
      {
        "date": "2019/03/29",
        "per": 12.57,
        "pbr": 0.72,
        "is_per_red": false,
        "is_pbr_red": false
      },
      {
        "date": "2020/03/31",
        "per": 23.75,
        "pbr": 0.44,
        "is_per_red": false,
        "is_pbr_red": false
      },
      {
        "date": "2021/03/31",
        "per": -1,
        "pbr": 0.67,
        "is_per_red": true,
        "is_pbr_red": false
      },
      {
        "date": "2022/03/31",
        "per": 12.86,
        "pbr": 0.73,
        "is_per_red": false,
        "is_pbr_red": false
      },
      {
        "date": "2023/03/31",
        "per": 10.77,
        "pbr": 0.63,
        "is_per_red": false,
        "is_pbr_red": false
      },
      {
        "date": "2024/03/29",
        "per": 12.88,
        "pbr": 0.66,
        "is_per_red": false,
        "is_pbr_red": false
      }
    ],
    "daily_data": [],
    "financial_data": [
      {
        "fiscal_year": "2008/03",
        "sales": 1680.0,
        "operating_profit": 922.0000000000001,
        "ordinary_profit": 922.0000000000001,
        "net_profit": 585.0,
        "roa": 8.1,
        "operating_margin": 1.71,
        "cost_ratio": 54.98,
        "sga_ratio": 44.96
      },
      {
        "fiscal_year": "2009/03",
        "sales": 10800.0,
        "operating_profit": 4330.0,
        "ordinary_profit": 4300.0,
        "net_profit": 2800.0,
        "roa": 29.69,
        "operating_margin": 7.86,
        "cost_ratio": 40.22
      },
      {
        "fiscal_year": "2010/03",
        "sales": 9740.0,
        "operating_profit": 1750.0,
        "ordinary_profit": 1739.9999999999998,
        "net_profit": 1150.0,
        "roe": 35.68,
        "roa": 12.22,
        "operating_margin": 2.98,
        "cost_ratio": 17.96
      },
      {
        "fiscal_year": "2011/03",
        "sales": 8980.0,
        "operating_profit": 1019.9999999999999,
        "ordinary_profit": 990.0,
        "net_profit": 515.0,
        "eps": 514.0,
        "roe": 16.02,
        "roa": 5.47,
        "operating_margin": 1.16,
        "cost_ratio": 11.3
      },
      {
        "fiscal_year": "2012/03",
        "sales": 7670.0,
        "operating_profit": 549.0,
        "ordinary_profit": 527.0,
        "net_profit": 337.0,
        "eps": 337.0,
        "roe": 10.48,
        "roa": 3.47,
        "operating_margin": 0.65,
        "cost_ratio": 7.16
      },
      {
        "fiscal_year": "2013/03",
        "sales": 5890.0,
        "operating_profit": 323.0,
        "ordinary_profit": 312.0,
        "net_profit": 95.0,
        "eps": 103.0,
        "roe": 2.96,
        "roa": 0.98,
        "operating_margin": 0.17,
        "cost_ratio": 5.49
      },
      {
        "fiscal_year": "2014/03",
        "sales": 5260.0,
        "operating_profit": 1100.0,
        "ordinary_profit": 1120.0,
        "net_profit": 663.0,
        "eps": 663.0,
        "roe": 21.97,
        "roa": 6.45,
        "operating_margin": 1.07,
        "cost_ratio": 20.89
      },
      {
        "fiscal_year": "2015/03",
        "sales": 5320.0,
        "operating_profit": 1190.0,
        "ordinary_profit": 1240.0,
        "net_profit": 780.0,
        "eps": 798.0,
        "roe": 25.75,
        "roa": 7.11,
        "operating_margin": 1.14,
        "cost_ratio": 22.39
      },
      {
        "fiscal_year": "2016/03",
        "sales": 6100.0,
        "operating_profit": 1530.0,
        "ordinary_profit": 1570.0,
        "net_profit": 1030.0,
        "eps": 1000.0,
        "roe": 33.5,
        "roa": 8.76,
        "operating_margin": 1.3,
        "cost_ratio": 25.02
      },
      {
        "fiscal_year": "2017/03",
        "sales": 6040.0,
        "operating_profit": 1170.0,
        "ordinary_profit": 1200.0,
        "net_profit": 794.0,
        "eps": 802.9999999999999,
        "roe": 25.14,
        "roa": 6.35,
        "operating_margin": 0.99,
        "cost_ratio": 19.42
      },
      {
        "fiscal_year": "2018/03",
        "sales": 6030.0,
        "operating_profit": 1050.0,
        "ordinary_profit": 1060.0,
        "net_profit": 719.0,
        "eps": 709.0,
        "roe": 22.62,
        "roa": 5.53,
        "operating_margin": 0.85,
        "cost_ratio": 17.35
      },
      {
        "fiscal_year": "2019/03",
        "sales": 6230.0,
        "operating_profit": 1170.0,
        "ordinary_profit": 1180.0,
        "net_profit": 772.0,
        "eps": 767.0,
        "roe": 24.27,
        "roa": 5.72,
        "operating_margin": 0.89,
        "cost_ratio": 18.8
      },
      {
        "fiscal_year": "2020/03",
        "sales": 5870.0,
        "operating_profit": 622.0,
        "ordinary_profit": 595.0,
        "net_profit": 249.00000000000003,
        "eps": 233.0,
        "roe": 7.83,
        "roa": 1.84,
        "operating_margin": 0.27,
        "cost_ratio": 10.59
      },
      {
        "fiscal_year": "2021/03",
        "sales": 4510.0,
        "operating_profit": -609.0,
        "ordinary_profit": -628.0,
        "net_profit": -1050.0,
        "eps": -1040.0,
        "roe": -32.99,
        "roa": -1,
        "operating_margin": -1,
        "cost_ratio": -13.49
      },
      {
        "fiscal_year": "2022/03",
        "sales": 5320.0,
        "operating_profit": 956.0,
        "ordinary_profit": 997.0000000000001,
        "net_profit": 736.0,
        "eps": 740.0,
        "roe": 23.1,
        "roa": 5.65,
        "operating_margin": 0.94,
        "cost_ratio": 17.96
      },
      {
        "fiscal_year": "2023/03",
        "sales": 5820.0,
        "operating_profit": 1310.0,
        "ordinary_profit": 1290.0,
        "net_profit": 793.0,
        "eps": 798.0,
        "roe": 24.88,
        "roa": 5.84,
        "operating_margin": 1.1,
        "cost_ratio": 22.44
      },
      {
        "fiscal_year": "2024/03",
        "sales": 5630.0,
        "operating_profit": 1070.0,
        "ordinary_profit": 1060.0,
        "net_profit": 708.0,
        "eps": 717.0,
        "roe": 22.21,
        "roa": 5.13,
        "operating_margin": 1.07,
        "cost_ratio": 19.09
      }
    ],
    "dividend_data": [
      {
        "fiscal_year": "2010/03",
        "total_dividend": 1150.0,
        "dividend_yield": 11.5
      },
      {
        "fiscal_year": "2011/03",
        "total_dividend": 550.0,
        "dividend_yield": 5.5
      },
      {
        "fiscal_year": "2012/03",
        "total_dividend": 350.0,
        "dividend_yield": 3.5
      },
      {
        "fiscal_year": "2013/03",
        "total_dividend": 100.0,
        "dividend_yield": 1.0
      }
    ]
  },
  {
    "code": "8737",
    "name": "あかつき本社",
    "annual_data": [
      {
        "date": "2010/03/31",
        "per": 32.56,
        "pbr": 0.33,
        "is_per_red": false,
        "is_pbr_red": false
      },
      {
        "date": "2011/03/31",
        "per": 0.96,
        "pbr": 0.57,
        "is_per_red": false,
        "is_pbr_red": false
      },
      {
        "date": "2012/03/30",
        "per": 3714.29,
        "pbr": 0.93,
        "is_per_red": false,
        "is_pbr_red": false
      },
      {
        "date": "2013/03/29",
        "per": 5.56,
        "pbr": 1.33,
        "is_per_red": false,
        "is_pbr_red": false
      },
      {
        "date": "2014/03/31",
        "per": 5.9,
        "pbr": 1.25,
        "is_per_red": false,
        "is_pbr_red": false
      },
      {
        "date": "2015/03/31",
        "per": 5.04,
        "pbr": 0.95,
        "is_per_red": false,
        "is_pbr_red": false
      },
      {
        "date": "2016/03/31",
        "per": -1,
        "pbr": 0.77,
        "is_per_red": true,
        "is_pbr_red": false
      },
      {
        "date": "2017/03/31",
        "per": 22.82,
        "pbr": 0.7,
        "is_per_red": false,
        "is_pbr_red": false
      },
      {
        "date": "2018/03/30",
        "per": 4.84,
        "pbr": 0.9,
        "is_per_red": false,
        "is_pbr_red": false
      },
      {
        "date": "2019/03/29",
        "per": 7.25,
        "pbr": 0.71,
        "is_per_red": false,
        "is_pbr_red": false
      },
      {
        "date": "2020/03/31",
        "per": 5.78,
        "pbr": 0.63,
        "is_per_red": false,
        "is_pbr_red": false
      },
      {
        "date": "2021/03/31",
        "per": 8.42,
        "pbr": 0.87,
        "is_per_red": false,
        "is_pbr_red": false
      },
      {
        "date": "2022/03/31",
        "per": 9.9,
        "pbr": 0.7,
        "is_per_red": false,
        "is_pbr_red": false
      },
      {
        "date": "2023/03/31",
        "per": 12.51,
        "pbr": 0.68,
        "is_per_red": false,
        "is_pbr_red": false
      },
      {
        "date": "2024/03/29",
        "per": 6.06,
        "pbr": 0.95,
        "is_per_red": false,
        "is_pbr_red": false
      }
    ],
    "daily_data": [],
    "financial_data": [
      {
        "fiscal_year": "2008/03",
        "sales": 3320.0000000000005,
        "operating_profit": -1080.0,
        "ordinary_profit": -740.0,
        "net_profit": -1970.0,
        "roa": -1,
        "operating_margin": -1,
        "cost_ratio": -32.59
      },
      {
        "fiscal_year": "2009/03",
        "sales": 1110.0,
        "operating_profit": -1860.0000000000002,
        "ordinary_profit": -1639.9999999999998,
        "net_profit": -2280.0,
        "roa": -1,
        "operating_margin": -1,
        "cost_ratio": -167.76
      },
      {
        "fiscal_year": "2010/03",
        "sales": 3490.0,
        "operating_profit": -125.0,
        "ordinary_profit": 87.0,
        "net_profit": 74.0,
        "roe": 0.65,
        "roa": 1.03,
        "operating_margin": 0.37,
        "cost_ratio": -3.59
      },
      {
        "fiscal_year": "2011/03",
        "sales": 3350.0,
        "operating_profit": -370.0,
        "ordinary_profit": 125.0,
        "net_profit": 2100.0,
        "eps": 1870.0,
        "roe": 17.64,
        "roa": 59.23,
        "operating_margin": 10.67,
        "cost_ratio": -11.03,
        "sga_ratio": 1.23
      },
      {
        "fiscal_year": "2012/03",
        "sales": 2950.0,
        "operating_profit": -432.0,
        "ordinary_profit": 532.0,
        "net_profit": 1.0,
        "eps": -42.0,
        "roe": 0.01,
        "roa": 0.02,
        "operating_margin": 0.01,
        "cost_ratio": -14.66,
        "sga_ratio": 2.98
      },
      {
        "fiscal_year": "2013/03",
        "sales": 3710.0,
        "operating_profit": 447.0,
        "ordinary_profit": 1170.0,
        "net_profit": 1110.0,
        "eps": 1140.0,
        "roe": 88.91,
        "roa": 23.86,
        "operating_margin": 6.32,
        "cost_ratio": 12.04,
        "sga_ratio": 6.2
      },
      {
        "fiscal_year": "2014/03",
        "sales": 5820.0,
        "operating_profit": 1220.0,
        "ordinary_profit": 1620.0,
        "net_profit": 1460.0,
        "eps": 1410.0,
        "roe": 118.57,
        "roa": 18.5,
        "operating_margin": 5.64,
        "cost_ratio": 20.9,
        "sga_ratio": 6.05
      },
      {
        "fiscal_year": "2015/03",
        "sales": 6200.0,
        "operating_profit": 911.9999999999999,
        "ordinary_profit": 1140.0,
        "net_profit": 1730.0,
        "eps": 1780.0,
        "roe": 120.87,
        "roa": 18.37,
        "operating_margin": 6.4,
        "cost_ratio": 14.71,
        "sga_ratio": 11.77
      },
      {
        "fiscal_year": "2016/03",
        "sales": 5390.0,
        "operating_profit": 306.0,
        "ordinary_profit": 490.00000000000006,
        "net_profit": -1460.0,
        "eps": -1260.0,
        "roe": -99.66,
        "roa": -1,
        "operating_margin": -1,
        "cost_ratio": 5.67,
        "sga_ratio": 14.67
      },
      {
        "fiscal_year": "2017/03",
        "sales": 4310.0,
        "operating_profit": -459.0,
        "ordinary_profit": 422.0,
        "net_profit": 239.0,
        "eps": 1120.0,
        "roe": 15.91,
        "roa": 3.04,
        "operating_margin": 0.86,
        "cost_ratio": -10.64,
        "sga_ratio": 18.06
      },
      {
        "fiscal_year": "2018/03",
        "sales": 22700.0,
        "operating_profit": 1620.0,
        "ordinary_profit": 1789.9999999999998,
        "net_profit": 1720.0,
        "eps": 1350.0,
        "roe": 93.01,
        "roa": 15.91,
        "operating_margin": 3.21,
        "cost_ratio": 7.14,
        "sga_ratio": 60.76
      },
      {
        "fiscal_year": "2019/03",
        "sales": 35700.0,
        "operating_profit": 1810.0000000000002,
        "ordinary_profit": 1360.0,
        "net_profit": 1030.0,
        "eps": 928.9999999999999,
        "roe": 39.84,
        "roa": 8.37,
        "operating_margin": 1.89,
        "cost_ratio": 5.05,
        "sga_ratio": 71.91
      },
      {
        "fiscal_year": "2020/03",
        "sales": 34400.0,
        "operating_profit": 1590.0,
        "ordinary_profit": 1090.0,
        "net_profit": 1420.0,
        "eps": 1450.0,
        "roe": 46.4,
        "roa": 10.59,
        "operating_margin": 2.41,
        "cost_ratio": 4.63,
        "sga_ratio": 69.63
      },
      {
        "fiscal_year": "2021/03",
        "sales": 39100.0,
        "operating_profit": 2590.0,
        "ordinary_profit": 2220.0,
        "net_profit": 1430.0,
        "eps": 1440.0,
        "roe": 46.2,
        "roa": 10.39,
        "operating_margin": 2.32,
        "cost_ratio": 6.63,
        "sga_ratio": 56.23
      },
      {
        "fiscal_year": "2022/03",
        "sales": 35300.0,
        "operating_profit": 1570.0,
        "ordinary_profit": 1230.0,
        "net_profit": 1010.0,
        "eps": 992.0,
        "roe": 32.73,
        "roa": 7.15,
        "operating_margin": 1.57,
        "cost_ratio": 4.44,
        "sga_ratio": 52.76
      },
      {
        "fiscal_year": "2023/03",
        "sales": 39300.0,
        "operating_profit": 1800.0,
        "ordinary_profit": 1460.0,
        "net_profit": 781.0,
        "eps": 944.0,
        "roe": 25.42,
        "roa": 5.46,
        "operating_margin": 1.13,
        "cost_ratio": 4.58,
        "sga_ratio": 62.07
      },
      {
        "fiscal_year": "2024/03",
        "sales": 46700.0,
        "operating_profit": 3420.0000000000005,
        "ordinary_profit": 3810.0,
        "net_profit": 2540.0,
        "eps": 2640.0,
        "roe": 82.83,
        "roa": 15.73,
        "operating_margin": 2.76,
        "cost_ratio": 7.32,
        "sga_ratio": 57.33
      },
      {
        "fiscal_year": "2025/03",
        "sales": 52000.0,
        "operating_profit": 4100.0,
        "ordinary_profit": 4200.0,
        "net_profit": 2600.0,
        "roe": 85.9,
        "roa": 15.63,
        "operating_margin": 2.84,
        "cost_ratio": 7.88
      }
    ],
    "dividend_data": [
      {
        "fiscal_year": "2013/03",
        "total_dividend": 0.0,
        "dividend_yield": 0.0
      }
    ]
  },
  {
    "code": "8739",
    "name": "スパークス・グループ",
    "annual_data": [
      {
        "date": "2010/03/31",
        "per": 61.69,
        "pbr": 1.35,
        "is_per_red": false,
        "is_pbr_red": false
      },
      {
        "date": "2011/03/31",
        "per": -1,
        "pbr": 1.3,
        "is_per_red": true,
        "is_pbr_red": false
      },
      {
        "date": "2012/03/30",
        "per": -1,
        "pbr": 1.74,
        "is_per_red": true,
        "is_pbr_red": false
      },
      {
        "date": "2013/03/29",
        "per": -1,
        "pbr": 4.26,
        "is_per_red": true,
        "is_pbr_red": false
      },
      {
        "date": "2014/03/31",
        "per": 25.3,
        "pbr": 3.75,
        "is_per_red": false,
        "is_pbr_red": false
      },
      {
        "date": "2015/03/31",
        "per": 29.64,
        "pbr": 3.38,
        "is_per_red": false,
        "is_pbr_red": false
      },
      {
        "date": "2016/03/31",
        "per": 17.37,
        "pbr": 3.26,
        "is_per_red": false,
        "is_pbr_red": false
      },
      {
        "date": "2017/03/31",
        "per": 18.27,
        "pbr": 2.73,
        "is_per_red": false,
        "is_pbr_red": false
      },
      {
        "date": "2018/03/30",
        "per": 12.4,
        "pbr": 2.97,
        "is_per_red": false,
        "is_pbr_red": false
      },
      {
        "date": "2019/03/29",
        "per": 14.51,
        "pbr": 2.3,
        "is_per_red": false,
        "is_pbr_red": false
      },
      {
        "date": "2020/03/31",
        "per": 14.46,
        "pbr": 1.68,
        "is_per_red": false,
        "is_pbr_red": false
      },
      {
        "date": "2021/03/31",
        "per": 17.17,
        "pbr": 2.56,
        "is_per_red": false,
        "is_pbr_red": false
      },
      {
        "date": "2022/03/31",
        "per": 13.45,
        "pbr": 2.25,
        "is_per_red": false,
        "is_pbr_red": false
      },
      {
        "date": "2023/03/31",
        "per": 12.77,
        "pbr": 2.21,
        "is_per_red": false,
        "is_pbr_red": false
      },
      {
        "date": "2024/03/29",
        "per": 11.48,
        "pbr": 2.37,
        "is_per_red": false,
        "is_pbr_red": false
      }
    ],
    "daily_data": [],
    "financial_data": [],
    "dividend_data": [
      {
        "fiscal_year": "2013/03",
        "total_dividend": 0.0,
        "dividend_yield": 0.0
      }
    ]
  },
  {
    "code": "8742",
    "name": "小林洋行",
    "annual_data": [
      {
        "date": "2010/03/31",
        "per": -1,
        "pbr": 0.24,
        "is_per_red": true,
        "is_pbr_red": false
      },
      {
        "date": "2011/03/31",
        "per": -1,
        "pbr": 0.19,
        "is_per_red": true,
        "is_pbr_red": false
      },
      {
        "date": "2012/03/30",
        "per": -1,
        "pbr": 0.2,
        "is_per_red": true,
        "is_pbr_red": false
      },
      {
        "date": "2013/03/29",
        "per": -1,
        "pbr": 0.3,
        "is_per_red": true,
        "is_pbr_red": false
      },
      {
        "date": "2014/03/31",
        "per": 84.59,
        "pbr": 0.26,
        "is_per_red": false,
        "is_pbr_red": false
      },
      {
        "date": "2015/03/31",
        "per": 18.64,
        "pbr": 0.34,
        "is_per_red": false,
        "is_pbr_red": false
      },
      {
        "date": "2016/03/31",
        "per": -1,
        "pbr": 0.27,
        "is_per_red": true,
        "is_pbr_red": false
      },
      {
        "date": "2017/03/31",
        "per": -1,
        "pbr": 0.32,
        "is_per_red": true,
        "is_pbr_red": false
      },
      {
        "date": "2018/03/30",
        "per": -1,
        "pbr": 0.31,
        "is_per_red": true,
        "is_pbr_red": false
      },
      {
        "date": "2019/03/29",
        "per": -1,
        "pbr": 0.3,
        "is_per_red": true,
        "is_pbr_red": false
      },
      {
        "date": "2020/03/31",
        "per": -1,
        "pbr": 0.28,
        "is_per_red": true,
        "is_pbr_red": false
      },
      {
        "date": "2021/03/31",
        "per": -1,
        "pbr": 0.35,
        "is_per_red": true,
        "is_pbr_red": false
      },
      {
        "date": "2022/03/31",
        "per": -1,
        "pbr": 0.33,
        "is_per_red": true,
        "is_pbr_red": false
      },
      {
        "date": "2023/03/31",
        "per": 14.8,
        "pbr": 0.33,
        "is_per_red": false,
        "is_pbr_red": false
      },
      {
        "date": "2024/03/29",
        "per": 14.92,
        "pbr": 0.58,
        "is_per_red": false,
        "is_pbr_red": false
      }
    ],
    "daily_data": [],
    "financial_data": [],
    "dividend_data": [
      {
        "fiscal_year": "2010/03",
        "total_dividend": 1.18
      },
      {
        "fiscal_year": "2011/03",
        "total_dividend": 1.24
      },
      {
        "fiscal_year": "2012/03",
        "total_dividend": 1.3
      },
      {
        "fiscal_year": "2013/03",
        "total_dividend": 0.89
      }
    ]
  },
  {
    "code": "8746",
    "name": "ＵＮＢＡＮＫＥＤ",
    "annual_data": [
      {
        "date": "2010/03/31",
        "per": -1,
        "pbr": 0.54,
        "is_per_red": true,
        "is_pbr_red": false
      },
      {
        "date": "2011/03/31",
        "per": 23.93,
        "pbr": 0.49,
        "is_per_red": false,
        "is_pbr_red": false
      },
      {
        "date": "2012/03/30",
        "per": 7.78,
        "pbr": 0.8,
        "is_per_red": false,
        "is_pbr_red": false
      },
      {
        "date": "2013/03/29",
        "per": 14.98,
        "pbr": 1.03,
        "is_per_red": false,
        "is_pbr_red": false
      },
      {
        "date": "2014/03/31",
        "per": 309.09,
        "pbr": 0.82,
        "is_per_red": false,
        "is_pbr_red": false
      },
      {
        "date": "2015/03/31",
        "per": -1,
        "pbr": 1.04,
        "is_per_red": true,
        "is_pbr_red": false
      },
      {
        "date": "2016/03/31",
        "per": -1,
        "pbr": 1.01,
        "is_per_red": true,
        "is_pbr_red": false
      },
      {
        "date": "2017/03/31",
        "per": -1,
        "pbr": 0.88,
        "is_per_red": true,
        "is_pbr_red": false
      },
      {
        "date": "2018/03/30",
        "per": 9.1,
        "pbr": 0.62,
        "is_per_red": false,
        "is_pbr_red": false
      },
      {
        "date": "2019/03/29",
        "per": 32.57,
        "pbr": 0.46,
        "is_per_red": false,
        "is_pbr_red": false
      },
      {
        "date": "2020/03/31",
        "per": 3.61,
        "pbr": 0.45,
        "is_per_red": false,
        "is_pbr_red": false
      },
      {
        "date": "2021/03/31",
        "per": -1,
        "pbr": 0.63,
        "is_per_red": true,
        "is_pbr_red": false
      },
      {
        "date": "2022/03/31",
        "per": -1,
        "pbr": 1.05,
        "is_per_red": true,
        "is_pbr_red": false
      },
      {
        "date": "2023/03/31",
        "per": -1,
        "pbr": 0.76,
        "is_per_red": true,
        "is_pbr_red": false
      },
      {
        "date": "2024/03/29",
        "per": 16.86,
        "pbr": 1.2,
        "is_per_red": false,
        "is_pbr_red": false
      }
    ],
    "daily_data": [],
    "financial_data": [
      {
        "fiscal_year": "2008/03",
        "sales": 11000.0,
        "operating_profit": 2790.0,
        "ordinary_profit": 2860.0,
        "net_profit": 1420.0,
        "roa": 12.01,
        "operating_margin": 2.38,
        "cost_ratio": 25.4
      },
      {
        "fiscal_year": "2009/03",
        "sales": 5200.0,
        "operating_profit": -2210.0,
        "ordinary_profit": -3070.0,
        "net_profit": -1900.0,
        "roa": -1,
        "operating_margin": -1,
        "cost_ratio": -42.58
      },
      {
        "fiscal_year": "2010/03",
        "sales": 6100.0,
        "operating_profit": -265.0,
        "ordinary_profit": -208.0,
        "net_profit": -966.0,
        "roe": -59.53,
        "roa": -1,
        "operating_margin": -1,
        "cost_ratio": -4.35
      },
      {
        "fiscal_year": "2011/03",
        "sales": 7030.0,
        "operating_profit": 330.0,
        "ordinary_profit": 323.0,
        "net_profit": 167.0,
        "roe": 10.32,
        "roa": 2.04,
        "operating_margin": 0.47,
        "cost_ratio": 4.69
      },
      {
        "fiscal_year": "2012/03",
        "sales": 8059.999999999999,
        "operating_profit": 1290.0,
        "ordinary_profit": 1750.0,
        "net_profit": 923.0,
        "roe": 56.91,
        "roa": 10.3,
        "operating_margin": 2.32,
        "cost_ratio": 16.07
      },
      {
        "fiscal_year": "2013/03",
        "sales": 8000.0,
        "operating_profit": 1260.0,
        "ordinary_profit": 1550.0,
        "net_profit": 639.0,
        "roe": 39.39,
        "roa": 6.88,
        "operating_margin": 1.45,
        "cost_ratio": 15.75
      },
      {
        "fiscal_year": "2014/03",
        "sales": 6400.0,
        "operating_profit": -243.00000000000003,
        "ordinary_profit": -61.0,
        "net_profit": 20.0,
        "roe": 1.32,
        "roa": 0.26,
        "operating_margin": 0.05,
        "cost_ratio": -3.81
      },
      {
        "fiscal_year": "2015/03",
        "sales": 6340.0,
        "operating_profit": -4.0,
        "ordinary_profit": 68.0,
        "net_profit": -501.0,
        "roe": -32.44,
        "roa": -1,
        "operating_margin": -1,
        "cost_ratio": -0.06
      },
      {
        "fiscal_year": "2016/03",
        "sales": 4890.0,
        "operating_profit": -1110.0,
        "ordinary_profit": -989.0,
        "net_profit": -886.9999999999999,
        "roe": -57.48,
        "roa": -1,
        "operating_margin": -1,
        "cost_ratio": -22.77
      },
      {
        "fiscal_year": "2017/03",
        "sales": 4020.0000000000005,
        "operating_profit": -289.0,
        "ordinary_profit": -279.0,
        "net_profit": -627.0,
        "roe": -40.63,
        "roa": -1,
        "operating_margin": -1,
        "cost_ratio": -7.19
      },
      {
        "fiscal_year": "2018/03",
        "sales": 4070.0000000000005,
        "operating_profit": 352.0,
        "ordinary_profit": 393.0,
        "net_profit": 348.0,
        "roe": 22.53,
        "roa": 6.87,
        "operating_margin": 1.5,
        "cost_ratio": 8.63
      },
      {
        "fiscal_year": "2019/03",
        "sales": 3540.0,
        "operating_profit": 66.0,
        "ordinary_profit": 109.00000000000001,
        "net_profit": 73.0,
        "roe": 4.79,
        "roa": 1.42,
        "operating_margin": 0.4,
        "cost_ratio": 1.88
      },
      {
        "fiscal_year": "2020/03",
        "sales": 4630.0,
        "operating_profit": 1110.0,
        "ordinary_profit": 1130.0,
        "net_profit": 738.0,
        "roe": 47.92,
        "roa": 12.5,
        "operating_margin": 3.76,
        "cost_ratio": 23.92
      },
      {
        "fiscal_year": "2021/03",
        "sales": 6900.0,
        "operating_profit": -1370.0,
        "ordinary_profit": -1370.0,
        "net_profit": -996.0000000000001,
        "eps": -902.0,
        "roe": -60.17,
        "roa": -1,
        "operating_margin": -1,
        "cost_ratio": -19.84,
        "sga_ratio": 87.97
      },
      {
        "fiscal_year": "2022/03",
        "sales": 5150.0,
        "operating_profit": -587.0,
        "ordinary_profit": -522.0,
        "net_profit": -1710.0000000000002,
        "eps": -1889.9999999999998,
        "roe": -81.28,
        "roa": -1,
        "operating_margin": -1,
        "cost_ratio": -11.39,
        "sga_ratio": 89.79
      },
      {
        "fiscal_year": "2023/03",
        "sales": 4640.0,
        "operating_profit": -244.0,
        "ordinary_profit": -523.0,
        "net_profit": -370.0,
        "eps": -319.0,
        "roe": -13.14,
        "roa": -1,
        "operating_margin": -1,
        "cost_ratio": -5.25,
        "sga_ratio": 90.51
      },
      {
        "fiscal_year": "2024/03",
        "sales": 5310.0,
        "operating_profit": -150.0,
        "ordinary_profit": 45.0,
        "net_profit": 391.0,
        "eps": 716.0,
        "roe": 13.17,
        "roa": 7.02,
        "operating_margin": 6.71,
        "cost_ratio": -2.82,
        "sga_ratio": 91.55
      }
    ],
    "dividend_data": [
      {
        "fiscal_year": "2010/03",
        "total_dividend": 3.66
      },
      {
        "fiscal_year": "2011/03",
        "total_dividend": 4.05
      },
      {
        "fiscal_year": "2012/03",
        "total_dividend": 4.51
      },
      {
        "fiscal_year": "2013/03",
        "total_dividend": 3.39
      },
      {
        "fiscal_year": "2018/03",
        "total_dividend": 0.0
      },
      {
        "fiscal_year": "2019/03",
        "total_dividend": 0.0
      },
      {
        "fiscal_year": "2021/03",
        "total_dividend": 0.0
      }
    ]
  },
  {
    "code": "8747",
    "name": "豊トラスティ証券",
    "annual_data": [
      {
        "date": "2010/03/31",
        "per": -1,
        "pbr": 0.22,
        "is_per_red": true,
        "is_pbr_red": false
      },
      {
        "date": "2011/03/30",
        "per": -1,
        "pbr": 0.2,
        "is_per_red": true,
        "is_pbr_red": false
      },
      {
        "date": "2012/03/29",
        "per": 8.16,
        "pbr": 0.22,
        "is_per_red": false,
        "is_pbr_red": false
      },
      {
        "date": "2013/03/29",
        "per": -1,
        "pbr": 0.29,
        "is_per_red": true,
        "is_pbr_red": false
      },
      {
        "date": "2014/03/28",
        "per": -1,
        "pbr": 0.28,
        "is_per_red": true,
        "is_pbr_red": false
      },
      {
        "date": "2015/03/30",
        "per": 22.14,
        "pbr": 0.46,
        "is_per_red": false,
        "is_pbr_red": false
      },
      {
        "date": "2016/03/31",
        "per": 8.6,
        "pbr": 0.4,
        "is_per_red": false,
        "is_pbr_red": false
      },
      {
        "date": "2017/03/31",
        "per": -1,
        "pbr": 0.35,
        "is_per_red": true,
        "is_pbr_red": false
      },
      {
        "date": "2018/03/30",
        "per": 11.65,
        "pbr": 0.34,
        "is_per_red": false,
        "is_pbr_red": false
      },
      {
        "date": "2019/03/29",
        "per": 6.98,
        "pbr": 0.42,
        "is_per_red": false,
        "is_pbr_red": false
      },
      {
        "date": "2020/03/31",
        "per": 5.14,
        "pbr": 0.34,
        "is_per_red": false,
        "is_pbr_red": false
      },
      {
        "date": "2021/03/31",
        "per": 8.74,
        "pbr": 0.5,
        "is_per_red": false,
        "is_pbr_red": false
      },
      {
        "date": "2022/03/31",
        "per": 4.61,
        "pbr": 0.44,
        "is_per_red": false,
        "is_pbr_red": false
      },
      {
        "date": "2023/03/31",
        "per": 6.02,
        "pbr": 0.49,
        "is_per_red": false,
        "is_pbr_red": false
      },
      {
        "date": "2024/03/29",
        "per": 5.89,
        "pbr": 0.68,
        "is_per_red": false,
        "is_pbr_red": false
      }
    ],
    "daily_data": [],
    "financial_data": [
      {
        "fiscal_year": "2008/03",
        "sales": 8400.0,
        "operating_profit": 1660.0000000000002,
        "ordinary_profit": 1630.0,
        "net_profit": 910.0,
        "roa": 8.11,
        "operating_margin": 2.27,
        "cost_ratio": 19.8
      },
      {
        "fiscal_year": "2009/03",
        "sales": 5090.0,
        "operating_profit": -372.0,
        "ordinary_profit": -237.0,
        "net_profit": -261.0,
        "roa": -1,
        "operating_margin": -1,
        "cost_ratio": -7.31
      },
      {
        "fiscal_year": "2010/03",
        "sales": 4680.0,
        "operating_profit": 0.44,
        "ordinary_profit": -430.99999999999994,
        "net_profit": -270.0,
        "roe": -30.39,
        "roa": -1,
        "operating_margin": -1,
        "cost_ratio": -0.01
      },
      {
        "fiscal_year": "2011/03",
        "sales": 4380.0,
        "operating_profit": -334.0,
        "ordinary_profit": -387.0,
        "net_profit": -975.0,
        "eps": -988.0000000000001,
        "roe": -109.55,
        "roa": -1,
        "operating_margin": -1,
        "cost_ratio": -7.62
      },
      {
        "fiscal_year": "2012/03",
        "sales": 4880.0,
        "operating_profit": 314.0,
        "ordinary_profit": 354.0,
        "net_profit": 259.0,
        "eps": 152.0,
        "roe": 29.15,
        "roa": 2.75,
        "operating_margin": 0.74,
        "cost_ratio": 6.44
      },
      {
        "fiscal_year": "2013/03",
        "sales": 4440.0,
        "operating_profit": 174.0,
        "ordinary_profit": 112.00000000000001,
        "net_profit": -148.0,
        "eps": -17.0,
        "roe": -16.62,
        "roa": -1,
        "operating_margin": -1,
        "cost_ratio": 3.91,
        "sga_ratio": 96.09
      },
      {
        "fiscal_year": "2014/03",
        "sales": 4240.0,
        "operating_profit": -96.0,
        "ordinary_profit": -39.0,
        "net_profit": -254.99999999999997,
        "eps": -225.99999999999997,
        "roe": -31.07,
        "roa": -1,
        "operating_margin": -1,
        "cost_ratio": -2.26,
        "sga_ratio": 102.26
      },
      {
        "fiscal_year": "2015/03",
        "sales": 4770.0,
        "operating_profit": 488.0,
        "ordinary_profit": 519.0,
        "net_profit": 193.0,
        "eps": 271.0,
        "roe": 23.49,
        "roa": 2.07,
        "operating_margin": 0.46,
        "cost_ratio": 10.23,
        "sga_ratio": 89.77
      },
      {
        "fiscal_year": "2016/03",
        "sales": 4460.0,
        "operating_profit": 83.0,
        "ordinary_profit": 113.99999999999999,
        "net_profit": 447.0,
        "eps": 350.0,
        "roe": 54.51,
        "roa": 4.69,
        "operating_margin": 1.04,
        "cost_ratio": 1.87,
        "sga_ratio": 98.13
      },
      {
        "fiscal_year": "2017/03",
        "sales": 3540.0,
        "operating_profit": -470.0,
        "ordinary_profit": -385.0,
        "net_profit": -441.0,
        "eps": -376.0,
        "roe": -54.6,
        "roa": -1,
        "operating_margin": -1,
        "cost_ratio": -13.3,
        "sga_ratio": 113.3
      },
      {
        "fiscal_year": "2018/03",
        "sales": 4980.0,
        "operating_profit": 293.0,
        "ordinary_profit": 335.0,
        "net_profit": 267.0,
        "eps": 303.0,
        "roe": 33.31,
        "roa": 2.9,
        "operating_margin": 0.5,
        "cost_ratio": 5.9,
        "sga_ratio": 94.1
      },
      {
        "fiscal_year": "2019/03",
        "sales": 5910.0,
        "operating_profit": 751.0,
        "ordinary_profit": 766.0,
        "net_profit": 579.0,
        "eps": 560.0,
        "roe": 72.22,
        "roa": 5.99,
        "operating_margin": 1.13,
        "cost_ratio": 12.7,
        "sga_ratio": 87.3
      },
      {
        "fiscal_year": "2020/03",
        "sales": 7040.000000000001,
        "operating_profit": 1470.0,
        "ordinary_profit": 1490.0,
        "net_profit": 815.0,
        "eps": 754.0,
        "roe": 107.39,
        "roa": 9.2,
        "operating_margin": 1.48,
        "cost_ratio": 20.89,
        "sga_ratio": 78.72
      },
      {
        "fiscal_year": "2021/03",
        "sales": 5890.0,
        "operating_profit": 605.0,
        "ordinary_profit": 700.0,
        "net_profit": 536.0,
        "eps": 699.0,
        "roe": 98.02,
        "roa": 5.77,
        "operating_margin": 0.78,
        "cost_ratio": 10.28,
        "sga_ratio": 89.33
      },
      {
        "fiscal_year": "2022/03",
        "sales": 6720.0,
        "operating_profit": 1370.0,
        "ordinary_profit": 1460.0,
        "net_profit": 975.0,
        "eps": 1090.0,
        "roe": 177.77,
        "roa": 9.57,
        "operating_margin": 1.25,
        "cost_ratio": 20.39,
        "sga_ratio": 79.29
      },
      {
        "fiscal_year": "2023/03",
        "sales": 6870.0,
        "operating_profit": 1530.0,
        "ordinary_profit": 1610.0000000000002,
        "net_profit": 889.0,
        "eps": 984.0,
        "roe": 161.83,
        "roa": 8.18,
        "operating_margin": 1.26,
        "cost_ratio": 22.26,
        "sga_ratio": 77.48
      },
      {
        "fiscal_year": "2024/03",
        "sales": 7400.0,
        "operating_profit": 1989.9999999999998,
        "ordinary_profit": 2100.0,
        "net_profit": 1430.0,
        "eps": 1920.0,
        "roe": 259.93,
        "roa": 11.47,
        "operating_margin": 1.44,
        "cost_ratio": 26.94,
        "sga_ratio": 72.86
      }
    ],
    "dividend_data": [
      {
        "fiscal_year": "2010/03",
        "total_dividend": 2.94
      },
      {
        "fiscal_year": "2011/03",
        "total_dividend": 2.43
      },
      {
        "fiscal_year": "2012/03",
        "total_dividend": 2.1
      },
      {
        "fiscal_year": "2013/03",
        "total_dividend": 1.62
      },
      {
        "fiscal_year": "2015/03",
        "total_dividend": 2.5
      },
      {
        "fiscal_year": "2016/03",
        "total_dividend": 4.26
      },
      {
        "fiscal_year": "2017/03",
        "total_dividend": 1.27
      },
      {
        "fiscal_year": "2019/03",
        "total_dividend": 3.97
      },
      {
        "fiscal_year": "2020/03",
        "total_dividend": 8.15
      },
      {
        "fiscal_year": "2022/03",
        "total_dividend": 6.52
      },
      {
        "fiscal_year": "2023/03",
        "total_dividend": 5.44
      },
      {
        "fiscal_year": "2024/03",
        "total_dividend": 4.54
      }
    ]
  }
]