[
  {
    "code": 5401,
    "name": "日本製鉄",
    "annual_data": [
      {
        "date": "2010/03/31",
        "per": -1,
        "pbr": 1.46,
        "is_per_red": true,
        "is_pbr_red": false
      },
      {
        "date": "2011/03/31",
        "per": 19.43,
        "pbr": 1.01,
        "is_per_red": false,
        "is_pbr_red": false
      },
      {
        "date": "2012/03/30",
        "per": 26.43,
        "pbr": 0.85,
        "is_per_red": false,
        "is_pbr_red": false
      },
      {
        "date": "2013/03/29",
        "per": -1,
        "pbr": 1.04,
        "is_per_red": true,
        "is_pbr_red": false
      },
      {
        "date": "2014/03/31",
        "per": 10.57,
        "pbr": 1.08,
        "is_per_red": false,
        "is_pbr_red": false
      },
      {
        "date": "2015/03/31",
        "per": 12.9,
        "pbr": 1.11,
        "is_per_red": false,
        "is_pbr_red": false
      },
      {
        "date": "2016/03/31",
        "per": 13.62,
        "pbr": 0.76,
        "is_per_red": false,
        "is_pbr_red": false
      },
      {
        "date": "2017/03/31",
        "per": 17.33,
        "pbr": 0.86,
        "is_per_red": false,
        "is_pbr_red": false
      },
      {
        "date": "2018/03/30",
        "per": 11.41,
        "pbr": 0.66,
        "is_per_red": false,
        "is_pbr_red": false
      },
      {
        "date": "2019/03/29",
        "per": 6.93,
        "pbr": 0.56,
        "is_per_red": false,
        "is_pbr_red": false
      },
      {
        "date": "2020/03/31",
        "per": -1,
        "pbr": 0.32,
        "is_per_red": true,
        "is_pbr_red": false
      },
      {
        "date": "2021/03/31",
        "per": -1,
        "pbr": 0.63,
        "is_per_red": true,
        "is_pbr_red": false
      },
      {
        "date": "2022/03/31",
        "per": 3.14,
        "pbr": 0.58,
        "is_per_red": false,
        "is_pbr_red": false
      },
      {
        "date": "2023/03/31",
        "per": 4.14,
        "pbr": 0.69,
        "is_per_red": false,
        "is_pbr_red": false
      },
      {
        "date": "2024/03/29",
        "per": 6.15,
        "pbr": 0.71,
        "is_per_red": false,
        "is_pbr_red": false
      }
    ],
    "daily_data": [],
    "financial_data": [
      {
        "fiscal_year": "2008/03",
        "sales": 4830000.0,
        "operating_profit": 545600.0,
        "ordinary_profit": 564100.0,
        "net_profit": 355000.0,
        "roa": 21.51,
        "operating_margin": 6.84,
        "cost_ratio": 11.3,
        "sga_ratio": 81.89
      },
      {
        "fiscal_year": "2009/03",
        "sales": 4770000.0,
        "operating_profit": 342900.0,
        "ordinary_profit": 336100.0,
        "net_profit": 155100.0,
        "roa": 8.96,
        "operating_margin": 3.18,
        "cost_ratio": 7.19,
        "sga_ratio": 86.08
      },
      {
        "fiscal_year": "2010/03",
        "sales": 3490000.0,
        "operating_profit": 32000.0,
        "ordinary_profit": 11800.0,
        "net_profit": -11500.0,
        "roe": -1.69,
        "roa": -1,
        "operating_margin": -1,
        "cost_ratio": 0.92,
        "sga_ratio": 90.5
      },
      {
        "fiscal_year": "2011/03",
        "sales": 4110000.0000000005,
        "operating_profit": 165600.0,
        "ordinary_profit": 226300.0,
        "net_profit": 93200.0,
        "eps": 41400.0,
        "roe": 13.69,
        "roa": 5.19,
        "operating_margin": 1.86,
        "cost_ratio": 4.03,
        "sga_ratio": 88.2
      },
      {
        "fiscal_year": "2012/03",
        "sales": 4090000.0,
        "operating_profit": 79400.0,
        "ordinary_profit": 143000.0,
        "net_profit": 58500.0,
        "eps": 3570.0000000000005,
        "roe": 8.59,
        "roa": 3.21,
        "operating_margin": 1.19,
        "cost_ratio": 1.94,
        "sga_ratio": 89.92
      },
      {
        "fiscal_year": "2013/03",
        "sales": 4390000.0,
        "operating_profit": 20100.0,
        "ordinary_profit": 76900.0,
        "net_profit": -124600.0,
        "eps": 158300.0,
        "roe": -13.11,
        "roa": -1,
        "operating_margin": -1,
        "cost_ratio": 0.46,
        "sga_ratio": 90.72
      },
      {
        "fiscal_year": "2014/03",
        "sales": 5520000.0,
        "operating_profit": 298400.0,
        "ordinary_profit": 361100.0,
        "net_profit": 242800.0,
        "eps": 269200.0,
        "roe": 26.67,
        "roa": 10.2,
        "operating_margin": 3.43,
        "cost_ratio": 5.41,
        "sga_ratio": 86.3
      },
      {
        "fiscal_year": "2015/03",
        "sales": 5610000.0,
        "operating_profit": 349500.0,
        "ordinary_profit": 451700.0,
        "net_profit": 214300.0,
        "eps": 439100.0,
        "roe": 23.48,
        "roa": 8.63,
        "operating_margin": 2.99,
        "cost_ratio": 6.23,
        "sga_ratio": 85.59
      },
      {
        "fiscal_year": "2016/03",
        "sales": 4910000.0,
        "operating_profit": 167700.0,
        "ordinary_profit": 200900.0,
        "net_profit": 145400.0,
        "eps": -127800.0,
        "roe": 158.72,
        "roa": 5.7,
        "operating_margin": 2.26,
        "cost_ratio": 3.42,
        "sga_ratio": 87.39
      },
      {
        "fiscal_year": "2017/03",
        "sales": 4630000.0,
        "operating_profit": 114200.0,
        "ordinary_profit": 174500.0,
        "net_profit": 130900.0,
        "eps": 217500.0,
        "roe": 147.97,
        "roa": 4.99,
        "operating_margin": 1.8,
        "cost_ratio": 2.47,
        "sga_ratio": 87.76
      },
      {
        "fiscal_year": "2018/03",
        "sales": 5710000.0,
        "operating_profit": 288700.0,
        "ordinary_profit": 297500.0,
        "net_profit": 180800.0,
        "eps": 311800.0,
        "roe": 204.88,
        "roa": 5.76,
        "operating_margin": 2.33,
        "cost_ratio": 5.05,
        "sga_ratio": 86.63
      },
      {
        "fiscal_year": "2019/03",
        "sales": 6180000.0,
        "operating_profit": 265100.0,
        "ordinary_profit": 297500.0,
        "net_profit": 251200.0,
        "eps": 85100.0,
        "roe": 281.77,
        "roa": 7.77,
        "operating_margin": 3.12,
        "cost_ratio": 4.29,
        "sga_ratio": 87.27
      },
      {
        "fiscal_year": "2020/03",
        "sales": 5920000.0,
        "operating_profit": -406100.0,
        "net_profit": -431500.0,
        "eps": -543600.0,
        "roe": -468.74,
        "roa": -1,
        "operating_margin": -1,
        "cost_ratio": -6.86
      },
      {
        "fiscal_year": "2021/03",
        "sales": 4830000.0,
        "operating_profit": 11400.0,
        "net_profit": -32400.0,
        "eps": 143200.0,
        "roe": -35.22,
        "roa": -1,
        "operating_margin": -1,
        "cost_ratio": 0.24,
        "sga_ratio": 88.29
      },
      {
        "fiscal_year": "2022/03",
        "sales": 6810000.0,
        "operating_profit": 840900.0,
        "net_profit": 637300.0,
        "eps": 816300.0,
        "roe": 692.16,
        "roa": 18.38,
        "operating_margin": 7.28,
        "cost_ratio": 12.35,
        "sga_ratio": 82.06
      },
      {
        "fiscal_year": "2023/03",
        "sales": 7980000.0,
        "operating_profit": 883600.0,
        "net_profit": 694000.0,
        "eps": 926900.0,
        "roe": 753.66,
        "roa": 16.6,
        "operating_margin": 7.25,
        "cost_ratio": 11.08,
        "sga_ratio": 83.78
      },
      {
        "fiscal_year": "2024/03",
        "sales": 8870000.0,
        "operating_profit": 778700.0,
        "net_profit": 549400.0,
        "eps": 810800.0,
        "roe": 596.6,
        "roa": 11.5,
        "operating_margin": 5.13,
        "cost_ratio": 8.78,
        "sga_ratio": 84.36
      },
      {
        "fiscal_year": "2025/03",
        "sales": 4600000.0,
        "net_profit": 150000.0,
        "roe": 143.51,
        "roa": 5.74,
        "operating_margin": 2.77
      }
    ],
    "dividend_data": [
      {
        "fiscal_year": "2010/03",
        "total_dividend": 1.5,
        "dividend_yield": 1.5
      },
      {
        "fiscal_year": "2011/03",
        "total_dividend": 3.0,
        "dividend_yield": 3.0
      },
      {
        "fiscal_year": "2012/03",
        "total_dividend": 2.5,
        "dividend_yield": 2.5
      },
      {
        "fiscal_year": "2013/03",
        "total_dividend": 1.0,
        "dividend_yield": 1.0
      }
    ]
  },
  {
    "code": 5406,
    "name": "神戸製鋼所",
    "annual_data": [
      {
        "date": "2010/03/31",
        "per": 99.31,
        "pbr": 1.21,
        "is_per_red": false,
        "is_pbr_red": false
      },
      {
        "date": "2011/03/31",
        "per": 12.71,
        "pbr": 1.23,
        "is_per_red": false,
        "is_pbr_red": false
      },
      {
        "date": "2012/03/30",
        "per": -1,
        "pbr": 0.81,
        "is_per_red": true,
        "is_pbr_red": false
      },
      {
        "date": "2013/03/29",
        "per": -1,
        "pbr": 0.66,
        "is_per_red": true,
        "is_pbr_red": false
      },
      {
        "date": "2014/03/31",
        "per": 6.05,
        "pbr": 0.74,
        "is_per_red": false,
        "is_pbr_red": false
      },
      {
        "date": "2015/03/31",
        "per": 9.32,
        "pbr": 1.04,
        "is_per_red": false,
        "is_pbr_red": false
      },
      {
        "date": "2016/03/31",
        "per": -1,
        "pbr": 0.52,
        "is_per_red": true,
        "is_pbr_red": false
      },
      {
        "date": "2017/03/31",
        "per": -1,
        "pbr": 0.55,
        "is_per_red": true,
        "is_pbr_red": false
      },
      {
        "date": "2018/03/30",
        "per": 6.11,
        "pbr": 0.52,
        "is_per_red": false,
        "is_pbr_red": false
      },
      {
        "date": "2019/03/29",
        "per": 8.38,
        "pbr": 0.41,
        "is_per_red": false,
        "is_pbr_red": false
      },
      {
        "date": "2020/03/31",
        "per": -1,
        "pbr": 0.18,
        "is_per_red": true,
        "is_pbr_red": false
      },
      {
        "date": "2021/03/31",
        "per": 11.68,
        "pbr": 0.38,
        "is_per_red": false,
        "is_pbr_red": false
      },
      {
        "date": "2022/03/31",
        "per": 3.69,
        "pbr": 0.29,
        "is_per_red": false,
        "is_pbr_red": false
      },
      {
        "date": "2023/03/31",
        "per": 5.73,
        "pbr": 0.45,
        "is_per_red": false,
        "is_pbr_red": false
      },
      {
        "date": "2024/03/29",
        "per": 7.41,
        "pbr": 0.77,
        "is_per_red": false,
        "is_pbr_red": false
      }
    ],
    "daily_data": [],
    "financial_data": [
      {
        "fiscal_year": "2008/03",
        "sales": 2130000.0,
        "operating_profit": 202400.0,
        "ordinary_profit": 157900.0,
        "net_profit": 88900.0,
        "roa": 14.82,
        "operating_margin": 3.82,
        "cost_ratio": 9.49,
        "sga_ratio": 82.41
      },
      {
        "fiscal_year": "2009/03",
        "sales": 2180000.0,
        "operating_profit": 116900.0,
        "ordinary_profit": 60900.0,
        "net_profit": -31400.0,
        "roa": -1,
        "operating_margin": -1,
        "cost_ratio": 5.37,
        "sga_ratio": 86.82
      },
      {
        "fiscal_year": "2010/03",
        "sales": 1670000.0,
        "operating_profit": 46000.0,
        "ordinary_profit": 10300.0,
        "net_profit": 6300.0,
        "roe": 2.02,
        "roa": 1.22,
        "operating_margin": 0.28,
        "cost_ratio": 2.75,
        "sga_ratio": 88.3
      },
      {
        "fiscal_year": "2011/03",
        "sales": 1860000.0,
        "operating_profit": 124600.0,
        "ordinary_profit": 89100.0,
        "net_profit": 52900.0,
        "eps": 55600.0,
        "roe": 16.99,
        "roa": 9.65,
        "operating_margin": 2.37,
        "cost_ratio": 6.7,
        "sga_ratio": 84.52
      },
      {
        "fiscal_year": "2012/03",
        "sales": 1860000.0,
        "operating_profit": 60600.0,
        "ordinary_profit": 33800.0,
        "net_profit": -14200.0,
        "eps": -12200.0,
        "roe": -4.57,
        "roa": -1,
        "operating_margin": -1,
        "cost_ratio": 3.25,
        "sga_ratio": 87.73
      },
      {
        "fiscal_year": "2013/03",
        "sales": 1690000.0,
        "operating_profit": 11200.0,
        "ordinary_profit": -18100.0,
        "net_profit": -27000.0,
        "eps": 4650.0,
        "roe": -8.66,
        "roa": -1,
        "operating_margin": -1,
        "cost_ratio": 0.67,
        "sga_ratio": 89.62
      },
      {
        "fiscal_year": "2014/03",
        "sales": 1820000.0,
        "operating_profit": 114500.0,
        "ordinary_profit": 85000.0,
        "net_profit": 70200.0,
        "eps": 99300.0,
        "roe": 22.63,
        "roa": 10.49,
        "operating_margin": 3.07,
        "cost_ratio": 6.28,
        "sga_ratio": 84.25
      },
      {
        "fiscal_year": "2015/03",
        "sales": 1890000.0,
        "operating_profit": 119500.0,
        "ordinary_profit": 101700.0,
        "net_profit": 86500.0,
        "eps": 135400.0,
        "roe": 23.82,
        "roa": 11.15,
        "operating_margin": 3.76,
        "cost_ratio": 6.33,
        "sga_ratio": 83.82
      },
      {
        "fiscal_year": "2016/03",
        "sales": 1820000.0,
        "operating_profit": 68400.0,
        "ordinary_profit": 28900.0,
        "net_profit": -21600.0,
        "eps": -88600.0,
        "roe": -5.93,
        "roa": -1,
        "operating_margin": -1,
        "cost_ratio": 3.75,
        "sga_ratio": 84.95
      },
      {
        "fiscal_year": "2017/03",
        "sales": 1700000.0,
        "operating_profit": 9750.0,
        "ordinary_profit": -19100.0,
        "net_profit": -23000.0,
        "eps": -14300.0,
        "roe": -63.54,
        "roa": -1,
        "operating_margin": -1,
        "cost_ratio": 0.57,
        "sga_ratio": 86.42
      },
      {
        "fiscal_year": "2018/03",
        "sales": 1880000.0,
        "operating_profit": 88900.0,
        "ordinary_profit": 71100.0,
        "net_profit": 63200.0,
        "eps": 68800.0,
        "roe": 174.43,
        "roa": 8.51,
        "operating_margin": 2.69,
        "cost_ratio": 4.73,
        "sga_ratio": 84.8
      },
      {
        "fiscal_year": "2019/03",
        "sales": 1970000.0,
        "operating_profit": 48300.0,
        "ordinary_profit": 34600.0,
        "net_profit": 35900.0,
        "eps": 14800.0,
        "roe": 99.2,
        "roa": 4.86,
        "operating_margin": 1.51,
        "cost_ratio": 2.45,
        "sga_ratio": 86.46
      },
      {
        "fiscal_year": "2020/03",
        "sales": 1870000.0,
        "operating_profit": 9860.0,
        "ordinary_profit": -8080.0,
        "net_profit": -68000.0,
        "eps": -82000.0,
        "roe": -187.56,
        "roa": -1,
        "operating_margin": -1,
        "cost_ratio": 0.53,
        "sga_ratio": 87.64
      },
      {
        "fiscal_year": "2021/03",
        "sales": 1710000.0,
        "operating_profit": 30400.0,
        "ordinary_profit": 16200.0,
        "net_profit": 23200.0,
        "eps": 54000.0,
        "roe": 64.06,
        "roa": 3.27,
        "operating_margin": 0.9,
        "cost_ratio": 1.78,
        "sga_ratio": 86.91
      },
      {
        "fiscal_year": "2022/03",
        "sales": 2080000.0,
        "operating_profit": 87600.0,
        "ordinary_profit": 93200.0,
        "net_profit": 60100.0,
        "eps": 105900.0,
        "roe": 160.24,
        "roa": 7.37,
        "operating_margin": 2.2,
        "cost_ratio": 4.21,
        "sga_ratio": 85.22
      },
      {
        "fiscal_year": "2023/03",
        "sales": 2470000.0,
        "operating_profit": 86400.0,
        "ordinary_profit": 106800.0,
        "net_profit": 72600.0,
        "eps": 120400.0,
        "roe": 183.81,
        "roa": 7.94,
        "operating_margin": 2.52,
        "cost_ratio": 3.49,
        "sga_ratio": 87.01
      },
      {
        "fiscal_year": "2024/03",
        "sales": 2540000.0,
        "operating_profit": 186600.0,
        "ordinary_profit": 160900.0,
        "net_profit": 109600.0,
        "eps": 179400.0,
        "roe": 277.39,
        "roa": 10.37,
        "operating_margin": 3.75,
        "cost_ratio": 7.34,
        "sga_ratio": 82.86
      },
      {
        "fiscal_year": "2025/03",
        "sales": 2600000.0,
        "operating_profit": 140000.0,
        "ordinary_profit": 130000.0,
        "net_profit": 120000.0,
        "roe": 304.06,
        "roa": 10.84,
        "operating_margin": 4.21,
        "cost_ratio": 5.38
      }
    ],
    "dividend_data": [
      {
        "fiscal_year": "2010/03",
        "total_dividend": 1.5,
        "dividend_yield": 0.75
      },
      {
        "fiscal_year": "2011/03",
        "total_dividend": 3.0,
        "dividend_yield": 1.39
      },
      {
        "fiscal_year": "2012/03",
        "total_dividend": 1.0,
        "dividend_yield": 0.75
      },
      {
        "fiscal_year": "2013/03",
        "total_dividend": 0.0,
        "dividend_yield": 0.0
      }
    ]
  },
  {
    "code": 5408,
    "name": "中山製鋼所",
    "annual_data": [
      {
        "date": "2010/03/31",
        "per": -1,
        "pbr": 0.4,
        "is_per_red": true,
        "is_pbr_red": false
      },
      {
        "date": "2011/03/31",
        "per": -1,
        "pbr": 0.38,
        "is_per_red": true,
        "is_pbr_red": false
      },
      {
        "date": "2012/03/30",
        "per": -1,
        "pbr": 0.34,
        "is_per_red": true,
        "is_pbr_red": false
      },
      {
        "date": "2013/03/29",
        "per": -1,
        "pbr": -1,
        "is_per_red": true,
        "is_pbr_red": true
      },
      {
        "date": "2014/03/31",
        "per": 0.49,
        "pbr": 0.86,
        "is_per_red": false,
        "is_pbr_red": false
      },
      {
        "date": "2015/03/31",
        "per": 5.46,
        "pbr": 0.8,
        "is_per_red": false,
        "is_pbr_red": false
      },
      {
        "date": "2016/03/31",
        "per": 9.16,
        "pbr": 0.57,
        "is_per_red": false,
        "is_pbr_red": false
      },
      {
        "date": "2017/03/31",
        "per": 6.78,
        "pbr": 0.54,
        "is_per_red": false,
        "is_pbr_red": false
      },
      {
        "date": "2018/03/30",
        "per": 7.21,
        "pbr": 0.51,
        "is_per_red": false,
        "is_pbr_red": false
      },
      {
        "date": "2019/03/29",
        "per": 7.88,
        "pbr": 0.34,
        "is_per_red": false,
        "is_pbr_red": false
      },
      {
        "date": "2020/03/31",
        "per": 7.47,
        "pbr": 0.27,
        "is_per_red": false,
        "is_pbr_red": false
      },
      {
        "date": "2021/03/31",
        "per": 10.02,
        "pbr": 0.28,
        "is_per_red": false,
        "is_pbr_red": false
      },
      {
        "date": "2022/03/31",
        "per": 5.01,
        "pbr": 0.27,
        "is_per_red": false,
        "is_pbr_red": false
      },
      {
        "date": "2023/03/31",
        "per": 5.15,
        "pbr": 0.54,
        "is_per_red": false,
        "is_pbr_red": false
      },
      {
        "date": "2024/03/29",
        "per": 5.78,
        "pbr": 0.49,
        "is_per_red": false,
        "is_pbr_red": false
      }
    ],
    "daily_data": [],
    "financial_data": [
      {
        "fiscal_year": "2008/03",
        "sales": 215100.0,
        "operating_profit": 4220.0,
        "ordinary_profit": 2700.0,
        "net_profit": -182.0,
        "roa": -1,
        "operating_margin": -1,
        "cost_ratio": 1.96,
        "sga_ratio": 89.93
      },
      {
        "fiscal_year": "2009/03",
        "sales": 259800.0,
        "operating_profit": 9520.0,
        "ordinary_profit": 7140.000000000001,
        "net_profit": 2340.0,
        "roa": 3.54,
        "operating_margin": 0.98,
        "cost_ratio": 3.66,
        "sga_ratio": 89.72
      },
      {
        "fiscal_year": "2010/03",
        "sales": 156300.0,
        "operating_profit": -8460.0,
        "ordinary_profit": -10000.0,
        "net_profit": -19700.0,
        "roe": -149.59,
        "roa": -1,
        "operating_margin": -1,
        "cost_ratio": -5.41,
        "sga_ratio": 96.37
      },
      {
        "fiscal_year": "2011/03",
        "sales": 174000.0,
        "operating_profit": -1639.9999999999998,
        "ordinary_profit": -3920.0000000000005,
        "net_profit": -6780.0,
        "eps": -6809.999999999999,
        "roe": -51.6,
        "roa": -1,
        "operating_margin": -1,
        "cost_ratio": -0.94,
        "sga_ratio": 92.51
      },
      {
        "fiscal_year": "2012/03",
        "sales": 171800.0,
        "operating_profit": -4970.0,
        "ordinary_profit": -6340.0,
        "net_profit": -11600.0,
        "eps": -9580.0,
        "roe": -88.44,
        "roa": -1,
        "operating_margin": -1,
        "cost_ratio": -2.89,
        "sga_ratio": 94.31
      },
      {
        "fiscal_year": "2013/03",
        "sales": 141700.0,
        "operating_profit": -4540.0,
        "ordinary_profit": -6040.0,
        "net_profit": -56800.0,
        "eps": -56300.0,
        "roe": -431.94,
        "roa": -1,
        "operating_margin": -1,
        "cost_ratio": -3.2,
        "sga_ratio": 93.9
      },
      {
        "fiscal_year": "2014/03",
        "sales": 132300.0,
        "operating_profit": 3340.0,
        "ordinary_profit": 2280.0,
        "net_profit": 66100.0,
        "eps": 66800.0,
        "roe": 172.53,
        "roa": 125.45,
        "operating_margin": 53.55,
        "cost_ratio": 2.52,
        "sga_ratio": 89.8
      },
      {
        "fiscal_year": "2015/03",
        "sales": 149000.0,
        "operating_profit": 4650.0,
        "ordinary_profit": 3829.9999999999995,
        "net_profit": 9120.0,
        "eps": 9750.0,
        "roe": 16.85,
        "roa": 14.61,
        "operating_margin": 7.19,
        "cost_ratio": 3.12,
        "sga_ratio": 89.94
      },
      {
        "fiscal_year": "2016/03",
        "sales": 132200.0,
        "operating_profit": 5690.0,
        "ordinary_profit": 4990.0,
        "net_profit": 4140.0,
        "eps": 3690.0,
        "roe": 7.64,
        "roa": 6.26,
        "operating_margin": 3.64,
        "cost_ratio": 4.31,
        "sga_ratio": 87.92
      },
      {
        "fiscal_year": "2017/03",
        "sales": 124000.0,
        "operating_profit": 6100.0,
        "ordinary_profit": 6020.0,
        "net_profit": 5810.0,
        "eps": 6350.0,
        "roe": 107.27,
        "roa": 8.01,
        "operating_margin": 5.01,
        "cost_ratio": 4.92,
        "sga_ratio": 86.45
      },
      {
        "fiscal_year": "2018/03",
        "sales": 148700.0,
        "operating_profit": 6380.0,
        "ordinary_profit": 6330.0,
        "net_profit": 5440.0,
        "eps": 5220.0,
        "roe": 100.53,
        "roa": 7.04,
        "operating_margin": 4.4,
        "cost_ratio": 4.29,
        "sga_ratio": 88.03
      },
      {
        "fiscal_year": "2019/03",
        "sales": 153700.0,
        "operating_profit": 5730.0,
        "ordinary_profit": 5190.0,
        "net_profit": 3460.0,
        "eps": 3070.0,
        "roe": 63.98,
        "roa": 4.34,
        "operating_margin": 2.78,
        "cost_ratio": 3.73,
        "sga_ratio": 88.4
      },
      {
        "fiscal_year": "2020/03",
        "sales": 136200.0,
        "operating_profit": 4520.0,
        "ordinary_profit": 4440.0,
        "net_profit": 2910.0,
        "eps": 2320.0,
        "roe": 53.81,
        "roa": 3.56,
        "operating_margin": 2.44,
        "cost_ratio": 3.32,
        "sga_ratio": 87.45
      },
      {
        "fiscal_year": "2021/03",
        "sales": 111000.0,
        "operating_profit": 2350.0,
        "ordinary_profit": 2660.0,
        "net_profit": 2360.0,
        "eps": 3090.0,
        "roe": 43.5,
        "roa": 2.79,
        "operating_margin": 1.91,
        "cost_ratio": 2.12,
        "sga_ratio": 87.52
      },
      {
        "fiscal_year": "2022/03",
        "sales": 166700.0,
        "operating_profit": 7250.0,
        "ordinary_profit": 6650.0,
        "net_profit": 4820.0,
        "eps": 4950.0,
        "roe": 88.94,
        "roa": 5.41,
        "operating_margin": 3.35,
        "cost_ratio": 4.35,
        "sga_ratio": 88.12
      },
      {
        "fiscal_year": "2023/03",
        "sales": 188500.0,
        "operating_profit": 13600.0,
        "ordinary_profit": 13400.0,
        "net_profit": 10200.0,
        "eps": 10400.0,
        "roe": 188.91,
        "roa": 10.56,
        "operating_margin": 6.87,
        "cost_ratio": 7.24,
        "sga_ratio": 86.18
      },
      {
        "fiscal_year": "2024/03",
        "sales": 184400.0,
        "operating_profit": 12300.0,
        "ordinary_profit": 12200.0,
        "net_profit": 8900.0,
        "eps": 9900.0,
        "roe": 164.43,
        "roa": 8.52,
        "operating_margin": 5.85,
        "cost_ratio": 6.68,
        "sga_ratio": 86.36
      },
      {
        "fiscal_year": "2025/03",
        "sales": 172000.0,
        "operating_profit": 8100.0,
        "ordinary_profit": 7500.0,
        "net_profit": 5500.0,
        "roe": 101.52,
        "roa": 5.2,
        "operating_margin": 3.61,
        "cost_ratio": 4.71
      }
    ],
    "dividend_data": [
      {
        "fiscal_year": "2013/03",
        "total_dividend": 0.0,
        "dividend_yield": 0.0
      }
    ]
  },
  {
    "code": 5410,
    "name": "合同製鐵",
    "annual_data": [
      {
        "date": "2010/03/31",
        "per": -1,
        "pbr": 0.4,
        "is_per_red": true,
        "is_pbr_red": false
      },
      {
        "date": "2011/03/31",
        "per": -1,
        "pbr": 0.41,
        "is_per_red": true,
        "is_pbr_red": false
      },
      {
        "date": "2012/03/30",
        "per": 14.93,
        "pbr": 0.4,
        "is_per_red": false,
        "is_pbr_red": false
      },
      {
        "date": "2013/03/29",
        "per": -1,
        "pbr": 0.37,
        "is_per_red": true,
        "is_pbr_red": false
      },
      {
        "date": "2014/03/31",
        "per": -1,
        "pbr": 0.31,
        "is_per_red": true,
        "is_pbr_red": false
      },
      {
        "date": "2015/03/31",
        "per": 9.94,
        "pbr": 0.36,
        "is_per_red": false,
        "is_pbr_red": false
      },
      {
        "date": "2016/03/31",
        "per": 5.2,
        "pbr": 0.35,
        "is_per_red": false,
        "is_pbr_red": false
      },
      {
        "date": "2017/03/31",
        "per": 13.18,
        "pbr": 0.3,
        "is_per_red": false,
        "is_pbr_red": false
      },
      {
        "date": "2018/03/30",
        "per": 6.32,
        "pbr": 0.35,
        "is_per_red": false,
        "is_pbr_red": false
      },
      {
        "date": "2019/03/29",
        "per": 6.41,
        "pbr": 0.27,
        "is_per_red": false,
        "is_pbr_red": false
      },
      {
        "date": "2020/03/31",
        "per": 4.13,
        "pbr": 0.32,
        "is_per_red": false,
        "is_pbr_red": false
      },
      {
        "date": "2021/03/31",
        "per": 6.38,
        "pbr": 0.32,
        "is_per_red": false,
        "is_pbr_red": false
      },
      {
        "date": "2022/03/31",
        "per": -1,
        "pbr": 0.2,
        "is_per_red": true,
        "is_pbr_red": false
      },
      {
        "date": "2023/03/31",
        "per": 3.97,
        "pbr": 0.44,
        "is_per_red": false,
        "is_pbr_red": false
      },
      {
        "date": "2024/03/29",
        "per": 5.51,
        "pbr": 0.65,
        "is_per_red": false,
        "is_pbr_red": false
      }
    ],
    "daily_data": [],
    "financial_data": [
      {
        "fiscal_year": "2008/03",
        "sales": 161500.0,
        "operating_profit": 5700.0,
        "ordinary_profit": 5810.0,
        "net_profit": 3540.0,
        "roa": 3.9,
        "operating_margin": 1.76,
        "cost_ratio": 3.53,
        "sga_ratio": 90.46
      },
      {
        "fiscal_year": "2009/03",
        "sales": 192600.0,
        "operating_profit": 11800.0,
        "ordinary_profit": 12100.0,
        "net_profit": 5420.0,
        "roa": 5.84,
        "operating_margin": 2.84,
        "cost_ratio": 6.12,
        "sga_ratio": 88.54
      },
      {
        "fiscal_year": "2010/03",
        "sales": 95800.0,
        "operating_profit": -1989.9999999999998,
        "ordinary_profit": -1710.0000000000002,
        "net_profit": -2830.0,
        "roe": -16.48,
        "roa": -1,
        "operating_margin": -1,
        "cost_ratio": -2.07,
        "sga_ratio": 93.33
      },
      {
        "fiscal_year": "2011/03",
        "sales": 129900.0,
        "operating_profit": 791.0,
        "ordinary_profit": 769.0,
        "net_profit": -1910.0000000000002,
        "eps": -966.0,
        "roe": -11.12,
        "roa": -1,
        "operating_margin": -1,
        "cost_ratio": 0.61,
        "sga_ratio": 92.04
      },
      {
        "fiscal_year": "2012/03",
        "sales": 135800.0,
        "operating_profit": 2610.0,
        "ordinary_profit": 2970.0,
        "net_profit": 2430.0,
        "eps": 4300.0,
        "roe": 14.2,
        "roa": 2.67,
        "operating_margin": 1.31,
        "cost_ratio": 1.92,
        "sga_ratio": 90.74
      },
      {
        "fiscal_year": "2013/03",
        "sales": 123300.0,
        "operating_profit": 1070.0,
        "ordinary_profit": 1360.0,
        "net_profit": -15700.0,
        "eps": -14900.0,
        "roe": -91.54,
        "roa": -1,
        "operating_margin": -1,
        "cost_ratio": 0.87,
        "sga_ratio": 91.15
      },
      {
        "fiscal_year": "2014/03",
        "sales": 131000.0,
        "operating_profit": -1600.0,
        "ordinary_profit": -1830.0,
        "net_profit": -2530.0,
        "eps": -2080.0,
        "roe": -15.66,
        "roa": -1,
        "operating_margin": -1,
        "cost_ratio": -1.22,
        "sga_ratio": 93.39
      },
      {
        "fiscal_year": "2015/03",
        "sales": 125600.0,
        "operating_profit": 3500.0,
        "ordinary_profit": 4400.0,
        "net_profit": 2910.0,
        "eps": 4790.0,
        "roe": 18.11,
        "roa": 3.75,
        "operating_margin": 1.83,
        "cost_ratio": 2.78,
        "sga_ratio": 89.26
      },
      {
        "fiscal_year": "2016/03",
        "sales": 100000.0,
        "operating_profit": 4350.0,
        "ordinary_profit": 5340.0,
        "net_profit": 5680.0,
        "eps": 4300.0,
        "roe": 36.33,
        "roa": 6.83,
        "operating_margin": 3.69,
        "cost_ratio": 4.35,
        "sga_ratio": 85.92
      },
      {
        "fiscal_year": "2017/03",
        "sales": 99500.0,
        "operating_profit": 2340.0,
        "ordinary_profit": 2760.0,
        "net_profit": 1980.0,
        "eps": 4240.0,
        "roe": 132.21,
        "roa": 2.34,
        "operating_margin": 1.24,
        "cost_ratio": 2.35,
        "sga_ratio": 86.84
      },
      {
        "fiscal_year": "2018/03",
        "sales": 129800.0,
        "operating_profit": 1770.0,
        "ordinary_profit": 2150.0,
        "net_profit": 4940.0,
        "eps": 4330.0,
        "roe": 337.29,
        "roa": 5.58,
        "operating_margin": 2.81,
        "cost_ratio": 1.36,
        "sga_ratio": 89.52
      },
      {
        "fiscal_year": "2019/03",
        "sales": 148400.0,
        "operating_profit": 4340.0,
        "ordinary_profit": 5140.0,
        "net_profit": 3779.9999999999995,
        "eps": 2610.0,
        "roe": 258.16,
        "roa": 4.22,
        "operating_margin": 1.76,
        "cost_ratio": 2.93,
        "sga_ratio": 88.58
      },
      {
        "fiscal_year": "2020/03",
        "sales": 168000.0,
        "operating_profit": 9130.0,
        "ordinary_profit": 10500.0,
        "net_profit": 7440.000000000001,
        "eps": 7490.000000000001,
        "roe": 508.77,
        "roa": 7.84,
        "operating_margin": 3.68,
        "cost_ratio": 5.43,
        "sga_ratio": 82.96
      },
      {
        "fiscal_year": "2021/03",
        "sales": 152800.0,
        "operating_profit": 4990.0,
        "ordinary_profit": 7490.000000000001,
        "net_profit": 4990.0,
        "eps": 7520.0,
        "roe": 340.91,
        "roa": 4.97,
        "operating_margin": 2.36,
        "cost_ratio": 3.26,
        "sga_ratio": 84.11
      },
      {
        "fiscal_year": "2022/03",
        "sales": 204200.0,
        "operating_profit": -2700.0,
        "ordinary_profit": -1250.0,
        "net_profit": -1110.0,
        "eps": -977.9999999999999,
        "roe": -76.02,
        "roa": -1,
        "operating_margin": -1,
        "cost_ratio": -1.32,
        "sga_ratio": 91.45
      },
      {
        "fiscal_year": "2023/03",
        "sales": 235400.0,
        "operating_profit": 13900.0,
        "ordinary_profit": 15900.0,
        "net_profit": 12500.0,
        "eps": 14100.0,
        "roe": 855.13,
        "roa": 11.17,
        "operating_margin": 4.93,
        "cost_ratio": 5.91,
        "sga_ratio": 85.3
      },
      {
        "fiscal_year": "2024/03",
        "sales": 222900.0,
        "operating_profit": 17900.0,
        "ordinary_profit": 20300.0,
        "net_profit": 15200.0,
        "eps": 20500.0,
        "roe": 1038.77,
        "roa": 11.85,
        "operating_margin": 5.61,
        "cost_ratio": 8.01,
        "sga_ratio": 82.31
      },
      {
        "fiscal_year": "2025/03",
        "sales": 210000.0,
        "operating_profit": 14500.0,
        "ordinary_profit": 16000.0,
        "net_profit": 11500.0,
        "roe": 786.33,
        "roa": 8.9,
        "operating_margin": 4.49,
        "cost_ratio": 6.9
      }
    ],
    "dividend_data": [
      {
        "fiscal_year": "2010/03",
        "total_dividend": 1.5,
        "dividend_yield": 0.71
      },
      {
        "fiscal_year": "2011/03",
        "total_dividend": 1.5,
        "dividend_yield": 0.72
      },
      {
        "fiscal_year": "2012/03",
        "total_dividend": 2.5,
        "dividend_yield": 1.18
      },
      {
        "fiscal_year": "2013/03",
        "total_dividend": 1.5,
        "dividend_yield": 0.9
      }
    ]
  },
  {
    "code": 5411,
    "name": "ＪＦＥホールディングス",
    "annual_data": [
      {
        "date": "2010/03/31",
        "per": 50.67,
        "pbr": 1.63,
        "is_per_red": false,
        "is_pbr_red": false
      },
      {
        "date": "2011/03/31",
        "per": 25.52,
        "pbr": 1.02,
        "is_per_red": false,
        "is_pbr_red": false
      },
      {
        "date": "2012/03/30",
        "per": -1,
        "pbr": 0.77,
        "is_per_red": true,
        "is_pbr_red": false
      },
      {
        "date": "2013/03/29",
        "per": 27.42,
        "pbr": 0.72,
        "is_per_red": false,
        "is_pbr_red": false
      },
      {
        "date": "2014/03/31",
        "per": 10.95,
        "pbr": 0.71,
        "is_per_red": false,
        "is_pbr_red": false
      },
      {
        "date": "2015/03/31",
        "per": 10.99,
        "pbr": 0.91,
        "is_per_red": false,
        "is_pbr_red": false
      },
      {
        "date": "2016/03/31",
        "per": 25.98,
        "pbr": 0.52,
        "is_per_red": false,
        "is_pbr_red": false
      },
      {
        "date": "2017/03/31",
        "per": 16.2,
        "pbr": 0.62,
        "is_per_red": false,
        "is_pbr_red": false
      },
      {
        "date": "2018/03/30",
        "per": 12.66,
        "pbr": 0.66,
        "is_per_red": false,
        "is_pbr_red": false
      },
      {
        "date": "2019/03/29",
        "per": 6.62,
        "pbr": 0.56,
        "is_per_red": false,
        "is_pbr_red": false
      },
      {
        "date": "2020/03/31",
        "per": -1,
        "pbr": 0.25,
        "is_per_red": true,
        "is_pbr_red": false
      },
      {
        "date": "2021/03/31",
        "per": -1,
        "pbr": 0.47,
        "is_per_red": true,
        "is_pbr_red": false
      },
      {
        "date": "2022/03/31",
        "per": 3.44,
        "pbr": 0.5,
        "is_per_red": false,
        "is_pbr_red": false
      },
      {
        "date": "2023/03/31",
        "per": 5.98,
        "pbr": 0.46,
        "is_per_red": false,
        "is_pbr_red": false
      },
      {
        "date": "2024/03/29",
        "per": 7.86,
        "pbr": 0.66,
        "is_per_red": false,
        "is_pbr_red": false
      }
    ],
    "daily_data": [],
    "financial_data": [
      {
        "fiscal_year": "2008/03",
        "sales": 3540000.0,
        "operating_profit": 510500.0,
        "ordinary_profit": 503000.0,
        "net_profit": 261800.0,
        "roa": 18.29,
        "operating_margin": 6.28,
        "cost_ratio": 14.42,
        "sga_ratio": 76.88
      },
      {
        "fiscal_year": "2009/03",
        "sales": 3910000.0,
        "operating_profit": 407800.0,
        "ordinary_profit": 400600.0,
        "net_profit": 194200.0,
        "roa": 14.04,
        "operating_margin": 4.49,
        "cost_ratio": 10.43,
        "sga_ratio": 81.86
      },
      {
        "fiscal_year": "2010/03",
        "sales": 2840000.0,
        "operating_profit": 88800.0,
        "ordinary_profit": 69300.0,
        "net_profit": 45700.0,
        "roe": 74.31,
        "roa": 3.22,
        "operating_margin": 1.17,
        "cost_ratio": 3.12,
        "sga_ratio": 88.1
      },
      {
        "fiscal_year": "2011/03",
        "sales": 3200000.0,
        "operating_profit": 182800.0,
        "ordinary_profit": 165800.0,
        "net_profit": 58600.0,
        "eps": 29100.0,
        "roe": 95.38,
        "roa": 4.0,
        "operating_margin": 1.47,
        "cost_ratio": 5.72,
        "sga_ratio": 86.55
      },
      {
        "fiscal_year": "2012/03",
        "sales": 3170000.0,
        "operating_profit": 44800.0,
        "ordinary_profit": 53000.0,
        "net_profit": -36600.0,
        "eps": -19300.0,
        "roe": -59.62,
        "roa": -1,
        "operating_margin": -1,
        "cost_ratio": 1.41,
        "sga_ratio": 90.94
      },
      {
        "fiscal_year": "2013/03",
        "sales": 3190000.0,
        "operating_profit": 39900.0,
        "ordinary_profit": 52200.0,
        "net_profit": 39600.0,
        "eps": 111700.0,
        "roe": 64.45,
        "roa": 2.64,
        "operating_margin": 0.96,
        "cost_ratio": 1.25,
        "sga_ratio": 90.44
      },
      {
        "fiscal_year": "2014/03",
        "sales": 3670000.0,
        "operating_profit": 153300.0,
        "ordinary_profit": 173700.0,
        "net_profit": 102400.0,
        "eps": 178000.0,
        "roe": 177.43,
        "roa": 6.48,
        "operating_margin": 2.41,
        "cost_ratio": 4.18,
        "sga_ratio": 87.69
      },
      {
        "fiscal_year": "2015/03",
        "sales": 3850000.0,
        "operating_profit": 222600.0,
        "ordinary_profit": 231000.0,
        "net_profit": 139400.0,
        "eps": 281900.0,
        "roe": 241.6,
        "roa": 8.29,
        "operating_margin": 3.0,
        "cost_ratio": 5.78,
        "sga_ratio": 86.04
      },
      {
        "fiscal_year": "2016/03",
        "sales": 3430000.0,
        "operating_profit": 90600.0,
        "ordinary_profit": 64200.0,
        "net_profit": 33700.0,
        "eps": -97200.0,
        "roe": 58.36,
        "roa": 2.0,
        "operating_margin": 0.79,
        "cost_ratio": 2.64,
        "sga_ratio": 87.94
      },
      {
        "fiscal_year": "2017/03",
        "sales": 3310000.0,
        "operating_profit": 96700.0,
        "ordinary_profit": 84700.0,
        "net_profit": 67900.0,
        "eps": 72400.0,
        "roe": 117.81,
        "roa": 3.81,
        "operating_margin": 1.57,
        "cost_ratio": 2.92,
        "sga_ratio": 87.33
      },
      {
        "fiscal_year": "2018/03",
        "sales": 3630000.0,
        "ordinary_profit": 216300.0,
        "net_profit": 97600.0,
        "eps": 117500.0,
        "roe": 169.34,
        "roa": 5.24,
        "operating_margin": 2.18,
        "cost_ratio": 6.5,
        "sga_ratio": 84.21
      },
      {
        "fiscal_year": "2019/03",
        "sales": 3870000.0,
        "ordinary_profit": 221200.0,
        "net_profit": 163500.0,
        "eps": 120700.0,
        "roe": 283.81,
        "roa": 8.49,
        "operating_margin": 3.47,
        "cost_ratio": 4.85,
        "sga_ratio": 85.93
      },
      {
        "fiscal_year": "2020/03",
        "sales": 3730000.0,
        "operating_profit": -200900.0,
        "net_profit": -197700.0,
        "eps": -263200.0,
        "roe": -343.39,
        "roa": -1,
        "operating_margin": -1,
        "cost_ratio": -5.39
      },
      {
        "fiscal_year": "2021/03",
        "sales": 3230000.0,
        "operating_profit": 7570.0,
        "net_profit": -21900.0,
        "eps": 60000.0,
        "roe": -37.98,
        "roa": -1,
        "operating_margin": -1,
        "cost_ratio": 0.23,
        "sga_ratio": 90.25
      },
      {
        "fiscal_year": "2022/03",
        "sales": 4370000.0,
        "operating_profit": 400200.0,
        "net_profit": 288100.0,
        "eps": 352300.0,
        "roe": 500.28,
        "roa": 14.49,
        "operating_margin": 5.45,
        "cost_ratio": 9.17,
        "sga_ratio": 84.64
      },
      {
        "fiscal_year": "2023/03",
        "sales": 5270000.0,
        "operating_profit": 225100.0,
        "net_profit": 162600.0,
        "eps": 203800.0,
        "roe": 280.68,
        "roa": 7.67,
        "operating_margin": 2.94,
        "cost_ratio": 4.27,
        "sga_ratio": 88.43
      },
      {
        "fiscal_year": "2024/03",
        "sales": 5170000.0,
        "operating_profit": 287000.0,
        "net_profit": 197400.0,
        "eps": 284400.0,
        "roe": 323.33,
        "roa": 8.01,
        "operating_margin": 3.43,
        "cost_ratio": 5.55,
        "sga_ratio": 87.32
      },
      {
        "fiscal_year": "2025/03",
        "sales": 4970000.0,
        "net_profit": 130000.0,
        "roe": 204.37,
        "roa": 5.16,
        "operating_margin": 2.32
      }
    ],
    "dividend_data": [
      {
        "fiscal_year": "2010/03",
        "total_dividend": 20.0,
        "dividend_yield": 0.53
      },
      {
        "fiscal_year": "2011/03",
        "total_dividend": 35.0,
        "dividend_yield": 1.44
      },
      {
        "fiscal_year": "2012/03",
        "total_dividend": 20.0,
        "dividend_yield": 1.12
      },
      {
        "fiscal_year": "2013/03",
        "total_dividend": 20.0,
        "dividend_yield": 1.13
      }
    ]
  },
  {
    "code": 5423,
    "name": "東京製鐵",
    "annual_data": [
      {
        "date": "2010/03/31",
        "per": -1,
        "pbr": 0.73,
        "is_per_red": true,
        "is_pbr_red": false
      },
      {
        "date": "2011/03/31",
        "per": -1,
        "pbr": 0.64,
        "is_per_red": true,
        "is_pbr_red": false
      },
      {
        "date": "2012/03/30",
        "per": -1,
        "pbr": 0.51,
        "is_per_red": true,
        "is_pbr_red": false
      },
      {
        "date": "2013/03/29",
        "per": -1,
        "pbr": 0.83,
        "is_per_red": true,
        "is_pbr_red": false
      },
      {
        "date": "2014/03/31",
        "per": 35.65,
        "pbr": 1.08,
        "is_per_red": false,
        "is_pbr_red": false
      },
      {
        "date": "2015/03/31",
        "per": 11.45,
        "pbr": 1.42,
        "is_per_red": false,
        "is_pbr_red": false
      },
      {
        "date": "2016/03/31",
        "per": 5.19,
        "pbr": 0.98,
        "is_per_red": false,
        "is_pbr_red": false
      },
      {
        "date": "2017/03/31",
        "per": 12.09,
        "pbr": 1.23,
        "is_per_red": false,
        "is_pbr_red": false
      },
      {
        "date": "2018/03/30",
        "per": 10.84,
        "pbr": 1.03,
        "is_per_red": false,
        "is_pbr_red": false
      },
      {
        "date": "2019/03/29",
        "per": 8.74,
        "pbr": 1.04,
        "is_per_red": false,
        "is_pbr_red": false
      },
      {
        "date": "2020/03/31",
        "per": 6.54,
        "pbr": 0.67,
        "is_per_red": false,
        "is_pbr_red": false
      },
      {
        "date": "2021/03/31",
        "per": 17.63,
        "pbr": 0.77,
        "is_per_red": false,
        "is_pbr_red": false
      },
      {
        "date": "2022/03/31",
        "per": 4.31,
        "pbr": 0.85,
        "is_per_red": false,
        "is_pbr_red": false
      },
      {
        "date": "2023/03/31",
        "per": 5.01,
        "pbr": 0.84,
        "is_per_red": false,
        "is_pbr_red": false
      },
      {
        "date": "2024/03/29",
        "per": 6.56,
        "pbr": 0.89,
        "is_per_red": false,
        "is_pbr_red": false
      }
    ],
    "daily_data": [],
    "financial_data": [
      {
        "fiscal_year": "2008/03",
        "sales": 244900.0,
        "operating_profit": 15200.0,
        "ordinary_profit": 17200.0,
        "net_profit": 10100.0,
        "roe": 4.42,
        "roa": 3.28,
        "operating_margin": 6.22,
        "cost_ratio": 86.75,
        "sga_ratio": 7.03
      },
      {
        "fiscal_year": "2009/03",
        "sales": 278400.0,
        "operating_profit": 53400.0,
        "ordinary_profit": 55300.0,
        "net_profit": 32300.0,
        "roe": 12.64,
        "roa": 10.3,
        "operating_margin": 19.18,
        "cost_ratio": 74.99,
        "sga_ratio": 5.83
      },
      {
        "fiscal_year": "2010/03",
        "sales": 105700.0,
        "operating_profit": -3410.0,
        "ordinary_profit": -2910.0,
        "net_profit": -6790.000000000001,
        "eps": -43.76,
        "roe": -1,
        "roa": -1,
        "operating_margin": -3.23,
        "cost_ratio": 92.47,
        "sga_ratio": 10.76
      },
      {
        "fiscal_year": "2011/03",
        "sales": 149000.0,
        "operating_profit": -9170.0,
        "ordinary_profit": -9100.0,
        "net_profit": -10400.0,
        "eps": -67.23,
        "roe": -1,
        "roa": -1,
        "operating_margin": -6.15,
        "cost_ratio": 97.4,
        "sga_ratio": 8.76
      },
      {
        "fiscal_year": "2012/03",
        "sales": 166800.0,
        "operating_profit": -11300.0,
        "ordinary_profit": -11200.0,
        "net_profit": -14300.0,
        "eps": -92.05,
        "roe": -1,
        "roa": -1,
        "operating_margin": -6.75,
        "cost_ratio": 98.46,
        "sga_ratio": 8.29
      },
      {
        "fiscal_year": "2013/03",
        "sales": 137300.0,
        "operating_profit": -16700.0,
        "ordinary_profit": -16300.0,
        "net_profit": -146600.0,
        "eps": -945.47,
        "roe": -1,
        "roa": -1,
        "operating_margin": -12.17,
        "cost_ratio": 102.58,
        "sga_ratio": 9.6
      },
      {
        "fiscal_year": "2014/03",
        "sales": 139000.0,
        "operating_profit": 2430.0,
        "ordinary_profit": 3170.0,
        "net_profit": 2320.0,
        "eps": 15.54,
        "roe": 3.03,
        "roa": 1.56,
        "operating_margin": 1.75,
        "cost_ratio": 89.21,
        "sga_ratio": 9.03
      },
      {
        "fiscal_year": "2015/03",
        "sales": 165700.0,
        "operating_profit": 13200.0,
        "ordinary_profit": 13900.0,
        "net_profit": 10500.0,
        "eps": 70.46,
        "roe": 12.41,
        "roa": 7.29,
        "operating_margin": 7.97,
        "cost_ratio": 82.63,
        "sga_ratio": 9.39
      },
      {
        "fiscal_year": "2016/03",
        "sales": 134200.0,
        "operating_profit": 17800.0,
        "ordinary_profit": 18000.0,
        "net_profit": 19200.0,
        "eps": 129.02,
        "roe": 19.5,
        "roa": 13.67,
        "operating_margin": 13.26,
        "cost_ratio": 75.39,
        "sga_ratio": 11.36
      },
      {
        "fiscal_year": "2017/03",
        "sales": 121700.0,
        "operating_profit": 10500.0,
        "ordinary_profit": 11200.0,
        "net_profit": 11100.0,
        "eps": 77.33,
        "roe": 10.2,
        "roa": 7.41,
        "operating_margin": 8.64,
        "cost_ratio": 78.78,
        "sga_ratio": 12.59
      },
      {
        "fiscal_year": "2018/03",
        "sales": 164100.0,
        "operating_profit": 10500.0,
        "ordinary_profit": 11800.0,
        "net_profit": 11300.0,
        "eps": 78.88,
        "roe": 9.58,
        "roa": 6.49,
        "operating_margin": 6.38,
        "cost_ratio": 82.99,
        "sga_ratio": 10.62
      },
      {
        "fiscal_year": "2019/03",
        "sales": 207100.0,
        "operating_profit": 16000.0,
        "ordinary_profit": 17300.0,
        "net_profit": 15400.0,
        "eps": 110.03,
        "roe": 12.27,
        "roa": 8.32,
        "operating_margin": 7.74,
        "cost_ratio": 82.44,
        "sga_ratio": 9.82
      },
      {
        "fiscal_year": "2020/03",
        "sales": 179900.0,
        "operating_profit": 17400.0,
        "ordinary_profit": 17900.0,
        "net_profit": 13800.0,
        "eps": 103.44,
        "roe": 10.62,
        "roa": 7.74,
        "operating_margin": 9.65,
        "cost_ratio": 79.55,
        "sga_ratio": 10.8
      },
      {
        "fiscal_year": "2021/03",
        "sales": 141400.0,
        "operating_profit": 4000.0,
        "ordinary_profit": 4990.0,
        "net_profit": 5890.0,
        "eps": 48.03,
        "roe": 4.5,
        "roa": 3.17,
        "operating_margin": 2.82,
        "cost_ratio": 86.0,
        "sga_ratio": 11.18
      },
      {
        "fiscal_year": "2022/03",
        "sales": 270900.0,
        "operating_profit": 31800.0,
        "ordinary_profit": 33400.0,
        "net_profit": 31900.0,
        "eps": 269.79,
        "roe": 20.18,
        "roa": 13.29,
        "operating_margin": 11.73,
        "cost_ratio": 81.47,
        "sga_ratio": 6.8
      },
      {
        "fiscal_year": "2023/03",
        "sales": 361200.0,
        "operating_profit": 38100.0,
        "ordinary_profit": 39300.0,
        "net_profit": 30800.0,
        "eps": 272.44,
        "roe": 17.21,
        "roa": 11.38,
        "operating_margin": 10.54,
        "cost_ratio": 82.59,
        "sga_ratio": 6.88
      },
      {
        "fiscal_year": "2024/03",
        "sales": 367200.0,
        "operating_profit": 38100.0,
        "ordinary_profit": 39700.0,
        "net_profit": 28000.0,
        "eps": 253.51,
        "roe": 13.71,
        "roa": 9.0,
        "operating_margin": 10.37,
        "cost_ratio": 82.22,
        "sga_ratio": 7.42
      },
      {
        "fiscal_year": "2025/03",
        "sales": 308000.0,
        "operating_profit": 24000.0,
        "ordinary_profit": 25000.0,
        "net_profit": 16500.0,
        "eps": 153.65,
        "roe": 8.0,
        "roa": 5.46,
        "operating_margin": 7.79
      }
    ],
    "dividend_data": [
      {
        "fiscal_year": "2010/03",
        "total_dividend": 10.0,
        "dividend_yield": 0.85
      },
      {
        "fiscal_year": "2011/03",
        "total_dividend": 8.0,
        "dividend_yield": 0.82
      },
      {
        "fiscal_year": "2012/03",
        "total_dividend": 5.0,
        "dividend_yield": 0.68
      },
      {
        "fiscal_year": "2013/03",
        "total_dividend": 2.0,
        "dividend_yield": 0.51
      }
    ]
  },
  {
    "code": 5440,
    "name": "共英製鋼",
    "annual_data": [
      {
        "date": "2010/03/31",
        "per": 13.23,
        "pbr": 0.71,
        "is_per_red": false,
        "is_pbr_red": false
      },
      {
        "date": "2011/03/31",
        "per": -1,
        "pbr": 0.55,
        "is_per_red": true,
        "is_pbr_red": false
      },
      {
        "date": "2012/03/30",
        "per": 44.27,
        "pbr": 0.62,
        "is_per_red": false,
        "is_pbr_red": false
      },
      {
        "date": "2013/03/29",
        "per": 36.44,
        "pbr": 0.62,
        "is_per_red": false,
        "is_pbr_red": false
      },
      {
        "date": "2014/03/31",
        "per": -1,
        "pbr": 0.65,
        "is_per_red": true,
        "is_pbr_red": false
      },
      {
        "date": "2015/03/31",
        "per": 12.74,
        "pbr": 0.68,
        "is_per_red": false,
        "is_pbr_red": false
      },
      {
        "date": "2016/03/31",
        "per": 8.68,
        "pbr": 0.54,
        "is_per_red": false,
        "is_pbr_red": false
      },
      {
        "date": "2017/03/31",
        "per": 18.01,
        "pbr": 0.62,
        "is_per_red": false,
        "is_pbr_red": false
      },
      {
        "date": "2018/03/30",
        "per": 22.84,
        "pbr": 0.57,
        "is_per_red": false,
        "is_pbr_red": false
      },
      {
        "date": "2019/03/29",
        "per": 10.53,
        "pbr": 0.48,
        "is_per_red": false,
        "is_pbr_red": false
      },
      {
        "date": "2020/03/31",
        "per": 6.79,
        "pbr": 0.37,
        "is_per_red": false,
        "is_pbr_red": false
      },
      {
        "date": "2021/03/31",
        "per": 8.21,
        "pbr": 0.47,
        "is_per_red": false,
        "is_pbr_red": false
      },
      {
        "date": "2022/03/31",
        "per": 9.2,
        "pbr": 0.36,
        "is_per_red": false,
        "is_pbr_red": false
      },
      {
        "date": "2023/03/31",
        "per": 5.33,
        "pbr": 0.39,
        "is_per_red": false,
        "is_pbr_red": false
      },
      {
        "date": "2024/03/29",
        "per": 7.58,
        "pbr": 0.54,
        "is_per_red": false,
        "is_pbr_red": false
      }
    ],
    "daily_data": [],
    "financial_data": [
      {
        "fiscal_year": "2008/03",
        "sales": 181600.0,
        "operating_profit": 17200.0,
        "ordinary_profit": 17600.0,
        "net_profit": 11100.0,
        "roa": 10.33,
        "operating_margin": 6.65,
        "cost_ratio": 9.47,
        "sga_ratio": 84.88
      },
      {
        "fiscal_year": "2009/03",
        "sales": 194300.0,
        "operating_profit": 26300.0,
        "ordinary_profit": 25400.0,
        "net_profit": 14000.0,
        "roa": 11.83,
        "operating_margin": 9.11,
        "cost_ratio": 13.52,
        "sga_ratio": 81.13
      },
      {
        "fiscal_year": "2010/03",
        "sales": 111500.0,
        "operating_profit": 11500.0,
        "ordinary_profit": 12700.0,
        "net_profit": 6690.000000000001,
        "roe": 149.02,
        "roa": 5.39,
        "operating_margin": 4.43,
        "cost_ratio": 10.27,
        "sga_ratio": 82.06
      },
      {
        "fiscal_year": "2011/03",
        "sales": 116800.0,
        "operating_profit": -206.0,
        "ordinary_profit": -85.0,
        "net_profit": -794.0,
        "eps": -1660.0000000000002,
        "roe": -17.68,
        "roa": -1,
        "operating_margin": -1,
        "cost_ratio": -0.18,
        "sga_ratio": 93.05
      },
      {
        "fiscal_year": "2012/03",
        "sales": 130700.0,
        "operating_profit": 4170.0,
        "ordinary_profit": 4680.0,
        "net_profit": 1689.9999999999998,
        "eps": 2220.0,
        "roe": 37.68,
        "roa": 1.41,
        "operating_margin": 1.03,
        "cost_ratio": 3.19,
        "sga_ratio": 90.22
      },
      {
        "fiscal_year": "2013/03",
        "sales": 142300.0,
        "operating_profit": 4340.0,
        "ordinary_profit": 4670.0,
        "net_profit": 2070.0,
        "eps": 3500.0,
        "roe": 46.08,
        "roa": 1.69,
        "operating_margin": 1.25,
        "cost_ratio": 3.05,
        "sga_ratio": 90.68
      },
      {
        "fiscal_year": "2014/03",
        "sales": 174700.0,
        "operating_profit": 2860.0,
        "ordinary_profit": 3120.0,
        "net_profit": -795.0,
        "eps": 1720.0,
        "roe": -18.29,
        "roa": -1,
        "operating_margin": -1,
        "cost_ratio": 1.64,
        "sga_ratio": 92.96
      },
      {
        "fiscal_year": "2015/03",
        "sales": 181400.0,
        "operating_profit": 11800.0,
        "ordinary_profit": 12500.0,
        "net_profit": 6920.0,
        "eps": 10200.0,
        "roe": 159.3,
        "roa": 5.34,
        "operating_margin": 3.43,
        "cost_ratio": 6.5,
        "sga_ratio": 87.93
      },
      {
        "fiscal_year": "2016/03",
        "sales": 161000.0,
        "operating_profit": 13800.0,
        "ordinary_profit": 14200.0,
        "net_profit": 8470.0,
        "eps": 6909.999999999999,
        "roe": 194.93,
        "roa": 6.28,
        "operating_margin": 4.22,
        "cost_ratio": 8.57,
        "sga_ratio": 85.16
      },
      {
        "fiscal_year": "2017/03",
        "sales": 146000.0,
        "operating_profit": 7970.0,
        "ordinary_profit": 7940.000000000001,
        "net_profit": 4780.0,
        "eps": 5450.0,
        "roe": 110.41,
        "roa": 3.46,
        "operating_margin": 2.23,
        "cost_ratio": 5.46,
        "sga_ratio": 87.17
      },
      {
        "fiscal_year": "2018/03",
        "sales": 191300.0,
        "operating_profit": 4260.0,
        "ordinary_profit": 4090.0,
        "net_profit": 3479.9999999999995,
        "eps": 3010.0,
        "roe": 80.3,
        "roa": 2.49,
        "operating_margin": 1.49,
        "cost_ratio": 2.23,
        "sga_ratio": 91.39
      },
      {
        "fiscal_year": "2019/03",
        "sales": 242300.0,
        "operating_profit": 9200.0,
        "ordinary_profit": 8650.0,
        "net_profit": 6509.999999999999,
        "eps": 4550.0,
        "roe": 149.79,
        "roa": 4.54,
        "operating_margin": 2.49,
        "cost_ratio": 3.8,
        "sga_ratio": 90.31
      },
      {
        "fiscal_year": "2020/03",
        "sales": 239300.0,
        "operating_profit": 19400.0,
        "ordinary_profit": 19000.0,
        "net_profit": 7980.0,
        "eps": 6050.0,
        "roe": 183.58,
        "roa": 5.4,
        "operating_margin": 2.96,
        "cost_ratio": 8.11,
        "sga_ratio": 85.48
      },
      {
        "fiscal_year": "2021/03",
        "sales": 226400.0,
        "operating_profit": 12700.0,
        "ordinary_profit": 12900.0,
        "net_profit": 8790.0,
        "eps": 9970.0,
        "roe": 202.21,
        "roa": 5.69,
        "operating_margin": 3.11,
        "cost_ratio": 5.59,
        "sga_ratio": 87.52
      },
      {
        "fiscal_year": "2022/03",
        "sales": 292700.0,
        "operating_profit": 8820.0,
        "ordinary_profit": 10500.0,
        "net_profit": 6320.0,
        "eps": 13900.0,
        "roe": 145.47,
        "roa": 3.88,
        "operating_margin": 2.01,
        "cost_ratio": 3.01,
        "sga_ratio": 91.15
      },
      {
        "fiscal_year": "2023/03",
        "sales": 355700.0,
        "operating_profit": 14800.0,
        "ordinary_profit": 14700.0,
        "net_profit": 13100.0,
        "eps": 19700.0,
        "roe": 301.62,
        "roa": 7.29,
        "operating_margin": 3.88,
        "cost_ratio": 4.17,
        "sga_ratio": 90.36
      },
      {
        "fiscal_year": "2024/03",
        "sales": 321000.0,
        "operating_profit": 21100.0,
        "ordinary_profit": 21000.0,
        "net_profit": 13800.0,
        "eps": 14700.0,
        "roe": 318.14,
        "roa": 7.1,
        "operating_margin": 3.9,
        "cost_ratio": 6.56,
        "sga_ratio": 86.92
      },
      {
        "fiscal_year": "2025/03",
        "sales": 323000.0,
        "operating_profit": 15000.0,
        "ordinary_profit": 15000.0,
        "net_profit": 12000.0,
        "roe": 276.12,
        "roa": 5.99,
        "operating_margin": 3.45,
        "cost_ratio": 4.64
      }
    ],
    "dividend_data": [
      {
        "fiscal_year": "2010/03",
        "total_dividend": 40.0,
        "dividend_yield": 2.03
      },
      {
        "fiscal_year": "2011/03",
        "total_dividend": 20.0,
        "dividend_yield": 1.36
      },
      {
        "fiscal_year": "2012/03",
        "total_dividend": 20.0,
        "dividend_yield": 1.2
      },
      {
        "fiscal_year": "2013/03",
        "total_dividend": 20.0,
        "dividend_yield": 1.19
      }
    ]
  },
  {
    "code": 5444,
    "name": "大和工業",
    "annual_data": [
      {
        "date": "2010/03/31",
        "per": 21.2,
        "pbr": 1.19,
        "is_per_red": false,
        "is_pbr_red": false
      },
      {
        "date": "2011/03/31",
        "per": 29.38,
        "pbr": 1.1,
        "is_per_red": false,
        "is_pbr_red": false
      },
      {
        "date": "2012/03/30",
        "per": 19.39,
        "pbr": 0.96,
        "is_per_red": false,
        "is_pbr_red": false
      },
      {
        "date": "2013/03/29",
        "per": 25.08,
        "pbr": 0.96,
        "is_per_red": false,
        "is_pbr_red": false
      },
      {
        "date": "2014/03/31",
        "per": 23.14,
        "pbr": 0.91,
        "is_per_red": false,
        "is_pbr_red": false
      },
      {
        "date": "2015/03/31",
        "per": 14.79,
        "pbr": 0.69,
        "is_per_red": false,
        "is_pbr_red": false
      },
      {
        "date": "2016/03/31",
        "per": 12.62,
        "pbr": 0.57,
        "is_per_red": false,
        "is_pbr_red": false
      },
      {
        "date": "2017/03/31",
        "per": 16.97,
        "pbr": 0.66,
        "is_per_red": false,
        "is_pbr_red": false
      },
      {
        "date": "2018/03/30",
        "per": 16.13,
        "pbr": 0.66,
        "is_per_red": false,
        "is_pbr_red": false
      },
      {
        "date": "2019/03/29",
        "per": 8.86,
        "pbr": 0.65,
        "is_per_red": false,
        "is_pbr_red": false
      },
      {
        "date": "2020/03/31",
        "per": 8.4,
        "pbr": 0.39,
        "is_per_red": false,
        "is_pbr_red": false
      },
      {
        "date": "2021/03/31",
        "per": 43.64,
        "pbr": 0.71,
        "is_per_red": false,
        "is_pbr_red": false
      },
      {
        "date": "2022/03/31",
        "per": 6.01,
        "pbr": 0.68,
        "is_per_red": false,
        "is_pbr_red": false
      },
      {
        "date": "2023/03/31",
        "per": 5.21,
        "pbr": 0.77,
        "is_per_red": false,
        "is_pbr_red": false
      },
      {
        "date": "2024/03/29",
        "per": 7.81,
        "pbr": 1.05,
        "is_per_red": false,
        "is_pbr_red": false
      }
    ],
    "daily_data": [],
    "financial_data": [
      {
        "fiscal_year": "2008/03",
        "sales": 166500.0,
        "operating_profit": 13600.0,
        "ordinary_profit": 56900.0,
        "net_profit": 32900.0,
        "roa": 17.82,
        "operating_margin": 13.08,
        "cost_ratio": 8.15,
        "sga_ratio": 85.79
      },
      {
        "fiscal_year": "2009/03",
        "sales": 208000.0,
        "operating_profit": 22400.0,
        "ordinary_profit": 56500.0,
        "net_profit": 36100.0,
        "roa": 20.39,
        "operating_margin": 15.43,
        "cost_ratio": 10.77,
        "sga_ratio": 83.99
      },
      {
        "fiscal_year": "2010/03",
        "sales": 124400.0,
        "operating_profit": 11500.0,
        "ordinary_profit": 19100.0,
        "net_profit": 10500.0,
        "roe": 146.44,
        "roa": 5.6,
        "operating_margin": 4.34,
        "cost_ratio": 9.21,
        "sga_ratio": 83.37
      },
      {
        "fiscal_year": "2011/03",
        "sales": 134600.0,
        "operating_profit": 2330.0,
        "ordinary_profit": 10200.0,
        "net_profit": 6600.0,
        "eps": -8140.000000000001,
        "roe": 94.29,
        "roa": 3.74,
        "operating_margin": 2.87,
        "cost_ratio": 1.73,
        "sga_ratio": 90.91
      },
      {
        "fiscal_year": "2012/03",
        "sales": 157900.0,
        "operating_profit": 5260.0,
        "ordinary_profit": 14000.0,
        "net_profit": 8690.0,
        "eps": 2240.0,
        "roe": 124.56,
        "roa": 4.97,
        "operating_margin": 3.77,
        "cost_ratio": 3.33,
        "sga_ratio": 89.91
      },
      {
        "fiscal_year": "2013/03",
        "sales": 158900.0,
        "operating_profit": 5470.0,
        "ordinary_profit": 13500.0,
        "net_profit": 7680.0,
        "eps": 29900.0,
        "roe": 110.12,
        "roa": 3.83,
        "operating_margin": 3.0,
        "cost_ratio": 3.44,
        "sga_ratio": 89.79
      },
      {
        "fiscal_year": "2014/03",
        "sales": 193600.0,
        "operating_profit": 8510.0,
        "ordinary_profit": 19700.0,
        "net_profit": 9530.0,
        "eps": 49600.0,
        "roe": 139.78,
        "roa": 3.91,
        "operating_margin": 3.07,
        "cost_ratio": 4.39,
        "sga_ratio": 88.93
      },
      {
        "fiscal_year": "2015/03",
        "sales": 187500.0,
        "operating_profit": 6990.000000000001,
        "ordinary_profit": 22700.0,
        "net_profit": 13400.0,
        "eps": 47800.0,
        "roe": 196.39,
        "roa": 4.7,
        "operating_margin": 3.8,
        "cost_ratio": 3.73,
        "sga_ratio": 89.22
      },
      {
        "fiscal_year": "2016/03",
        "sales": 151000.0,
        "operating_profit": 11200.0,
        "ordinary_profit": 23600.0,
        "net_profit": 13000.0,
        "eps": 7080.0,
        "roe": 193.63,
        "roa": 4.5,
        "operating_margin": 3.74,
        "cost_ratio": 7.43,
        "sga_ratio": 84.14
      },
      {
        "fiscal_year": "2017/03",
        "sales": 142100.0,
        "operating_profit": 10700.0,
        "ordinary_profit": 21500.0,
        "net_profit": 11300.0,
        "eps": 4990.0,
        "roe": 169.23,
        "roa": 3.91,
        "operating_margin": 3.24,
        "cost_ratio": 7.56,
        "sga_ratio": 83.15
      },
      {
        "fiscal_year": "2018/03",
        "sales": 176100.0,
        "operating_profit": 8340.0,
        "ordinary_profit": 17800.0,
        "net_profit": 12200.0,
        "eps": 14800.0,
        "roe": 182.97,
        "roa": 4.11,
        "operating_margin": 3.33,
        "cost_ratio": 4.74,
        "sga_ratio": 87.25
      },
      {
        "fiscal_year": "2019/03",
        "sales": 201300.0,
        "operating_profit": 9270.0,
        "ordinary_profit": 31500.0,
        "net_profit": 22800.0,
        "eps": 17600.0,
        "roe": 340.78,
        "roa": 7.32,
        "operating_margin": 5.93,
        "cost_ratio": 4.61,
        "sga_ratio": 87.86
      },
      {
        "fiscal_year": "2020/03",
        "sales": 182000.0,
        "operating_profit": 11300.0,
        "ordinary_profit": 23100.0,
        "net_profit": 14800.0,
        "eps": 15500.0,
        "roe": 220.71,
        "roa": 4.65,
        "operating_margin": 3.85,
        "cost_ratio": 6.23,
        "sga_ratio": 85.59
      },
      {
        "fiscal_year": "2021/03",
        "sales": 136000.0,
        "operating_profit": 10000.0,
        "ordinary_profit": 21600.0,
        "net_profit": 4980.0,
        "eps": -6659.999999999999,
        "roe": 75.28,
        "roa": 1.65,
        "operating_margin": 1.39,
        "cost_ratio": 7.36,
        "sga_ratio": 83.33
      },
      {
        "fiscal_year": "2022/03",
        "sales": 150000.0,
        "operating_profit": 13300.0,
        "ordinary_profit": 57600.0,
        "net_profit": 39900.0,
        "eps": 65500.0,
        "roe": 618.62,
        "roa": 11.39,
        "operating_margin": 9.62,
        "cost_ratio": 8.86,
        "sga_ratio": 82.51
      },
      {
        "fiscal_year": "2023/03",
        "sales": 180400.0,
        "operating_profit": 16800.0,
        "ordinary_profit": 90500.0,
        "net_profit": 65300.0,
        "eps": 112000.0,
        "roe": 1025.47,
        "roa": 14.82,
        "operating_margin": 12.68,
        "cost_ratio": 9.32,
        "sga_ratio": 82.44
      },
      {
        "fiscal_year": "2024/03",
        "sales": 163500.0,
        "operating_profit": 17300.0,
        "ordinary_profit": 99200.0,
        "net_profit": 70000.0,
        "eps": 105700.0,
        "roe": 1099.14,
        "roa": 13.39,
        "operating_margin": 11.5,
        "cost_ratio": 10.57,
        "sga_ratio": 80.55
      },
      {
        "fiscal_year": "2025/03",
        "sales": 170000.0,
        "operating_profit": 11000.0,
        "ordinary_profit": 75000.0,
        "net_profit": 52500.0,
        "roe": 824.02,
        "roa": 8.99,
        "operating_margin": 7.57,
        "cost_ratio": 6.47
      }
    ],
    "dividend_data": [
      {
        "fiscal_year": "2010/03",
        "total_dividend": 40.0,
        "dividend_yield": 1.29
      },
      {
        "fiscal_year": "2011/03",
        "total_dividend": 30.0,
        "dividend_yield": 1.08
      },
      {
        "fiscal_year": "2012/03",
        "total_dividend": 30.0,
        "dividend_yield": 1.24
      },
      {
        "fiscal_year": "2013/03",
        "total_dividend": 30.0,
        "dividend_yield": 1.09
      }
    ]
  },
  {
    "code": 5445,
    "name": "東京鐵鋼",
    "annual_data": [
      {
        "date": "2010/03/31",
        "per": 5.41,
        "pbr": 0.47,
        "is_per_red": false,
        "is_pbr_red": false
      },
      {
        "date": "2011/03/31",
        "per": 28.79,
        "pbr": 0.44,
        "is_per_red": false,
        "is_pbr_red": false
      },
      {
        "date": "2012/03/30",
        "per": 10.15,
        "pbr": 0.48,
        "is_per_red": false,
        "is_pbr_red": false
      },
      {
        "date": "2013/03/29",
        "per": 5.72,
        "pbr": 0.52,
        "is_per_red": false,
        "is_pbr_red": false
      },
      {
        "date": "2014/03/31",
        "per": 26.08,
        "pbr": 0.59,
        "is_per_red": false,
        "is_pbr_red": false
      },
      {
        "date": "2015/03/31",
        "per": 9.01,
        "pbr": 0.62,
        "is_per_red": false,
        "is_pbr_red": false
      },
      {
        "date": "2016/03/31",
        "per": 7.03,
        "pbr": 0.47,
        "is_per_red": false,
        "is_pbr_red": false
      },
      {
        "date": "2017/03/31",
        "per": 58.56,
        "pbr": 0.57,
        "is_per_red": false,
        "is_pbr_red": false
      },
      {
        "date": "2018/03/30",
        "per": -1,
        "pbr": 0.4,
        "is_per_red": true,
        "is_pbr_red": false
      },
      {
        "date": "2019/03/29",
        "per": 3.69,
        "pbr": 0.3,
        "is_per_red": false,
        "is_pbr_red": false
      },
      {
        "date": "2020/03/31",
        "per": 2.76,
        "pbr": 0.26,
        "is_per_red": false,
        "is_pbr_red": false
      },
      {
        "date": "2021/03/31",
        "per": 3.54,
        "pbr": 0.37,
        "is_per_red": false,
        "is_pbr_red": false
      },
      {
        "date": "2022/03/31",
        "per": -1,
        "pbr": 0.28,
        "is_per_red": true,
        "is_pbr_red": false
      },
      {
        "date": "2023/03/31",
        "per": 4.31,
        "pbr": 0.34,
        "is_per_red": false,
        "is_pbr_red": false
      },
      {
        "date": "2024/03/29",
        "per": 5.92,
        "pbr": 0.87,
        "is_per_red": false,
        "is_pbr_red": false
      }
    ],
    "daily_data": [],
    "financial_data": [
      {
        "fiscal_year": "2008/03",
        "sales": 66500.0,
        "operating_profit": 5840.0,
        "ordinary_profit": 5430.0,
        "net_profit": 2990.0,
        "roa": 12.65,
        "operating_margin": 5.48,
        "cost_ratio": 8.78,
        "sga_ratio": 80.7
      },
      {
        "fiscal_year": "2009/03",
        "sales": 70200.0,
        "operating_profit": 6830.0,
        "ordinary_profit": 6390.0,
        "net_profit": 3440.0,
        "roa": 13.01,
        "operating_margin": 5.84,
        "cost_ratio": 9.73,
        "sga_ratio": 80.85
      },
      {
        "fiscal_year": "2010/03",
        "sales": 44400.0,
        "operating_profit": 5260.0,
        "ordinary_profit": 4750.0,
        "net_profit": 2470.0,
        "roe": 52.73,
        "roa": 8.74,
        "operating_margin": 5.1,
        "cost_ratio": 11.85,
        "sga_ratio": 75.22
      },
      {
        "fiscal_year": "2011/03",
        "sales": 43800.0,
        "operating_profit": 1310.0,
        "ordinary_profit": 1080.0,
        "net_profit": 436.00000000000006,
        "eps": 360.0,
        "roe": 9.31,
        "roa": 1.54,
        "operating_margin": 0.95,
        "cost_ratio": 2.99,
        "sga_ratio": 84.14
      },
      {
        "fiscal_year": "2012/03",
        "sales": 53700.0,
        "operating_profit": 2910.0,
        "ordinary_profit": 2790.0,
        "net_profit": 1410.0,
        "eps": 1460.0,
        "roe": 30.05,
        "roa": 4.76,
        "operating_margin": 2.98,
        "cost_ratio": 5.41,
        "sga_ratio": 83.44
      },
      {
        "fiscal_year": "2013/03",
        "sales": 55000.0,
        "operating_profit": 4270.0,
        "ordinary_profit": 4100.0,
        "net_profit": 2910.0,
        "eps": 2880.0,
        "roe": 62.04,
        "roa": 9.04,
        "operating_margin": 5.78,
        "cost_ratio": 7.77,
        "sga_ratio": 81.21
      },
      {
        "fiscal_year": "2014/03",
        "sales": 57700.0,
        "operating_profit": 1770.0,
        "ordinary_profit": 1680.0,
        "net_profit": 729.0,
        "eps": 660.0,
        "roe": 16.14,
        "roa": 2.21,
        "operating_margin": 1.5,
        "cost_ratio": 3.06,
        "sga_ratio": 86.09
      },
      {
        "fiscal_year": "2015/03",
        "sales": 63600.0,
        "operating_profit": 4290.0,
        "ordinary_profit": 4200.0,
        "net_profit": 2470.0,
        "eps": 2920.0,
        "roe": 53.41,
        "roa": 6.91,
        "operating_margin": 4.8,
        "cost_ratio": 6.74,
        "sga_ratio": 82.25
      },
      {
        "fiscal_year": "2016/03",
        "sales": 49800.0,
        "operating_profit": 3629.9999999999995,
        "ordinary_profit": 3570.0000000000005,
        "net_profit": 2500.0,
        "eps": 2260.0,
        "roe": 53.91,
        "roa": 6.68,
        "operating_margin": 4.97,
        "cost_ratio": 7.3,
        "sga_ratio": 79.33
      },
      {
        "fiscal_year": "2017/03",
        "sales": 43600.0,
        "operating_profit": 454.0,
        "ordinary_profit": 482.0,
        "net_profit": 362.0,
        "eps": 575.0,
        "roe": 7.8,
        "roa": 0.97,
        "operating_margin": 0.67,
        "cost_ratio": 1.04,
        "sga_ratio": 84.03
      },
      {
        "fiscal_year": "2018/03",
        "sales": 53700.0,
        "operating_profit": -830.0000000000001,
        "ordinary_profit": -875.0,
        "net_profit": -1000.0,
        "eps": -628.0,
        "roe": -107.59,
        "roa": -1,
        "operating_margin": -1,
        "cost_ratio": -1.55,
        "sga_ratio": 88.51
      },
      {
        "fiscal_year": "2019/03",
        "sales": 64400.0,
        "operating_profit": 574.0,
        "ordinary_profit": 3270.0000000000005,
        "net_profit": 3140.0,
        "eps": 2880.0,
        "roe": 337.54,
        "roa": 8.0,
        "operating_margin": 5.38,
        "cost_ratio": 0.89,
        "sga_ratio": 87.66
      },
      {
        "fiscal_year": "2020/03",
        "sales": 59000.0,
        "operating_profit": 5480.0,
        "ordinary_profit": 6040.0,
        "net_profit": 3990.0,
        "eps": 3929.9999999999995,
        "roe": 428.12,
        "roa": 9.28,
        "operating_margin": 6.94,
        "cost_ratio": 9.3,
        "sga_ratio": 78.15
      },
      {
        "fiscal_year": "2021/03",
        "sales": 62400.0,
        "operating_profit": 7509.999999999999,
        "ordinary_profit": 7520.0,
        "net_profit": 4980.0,
        "eps": 5590.0,
        "roe": 533.98,
        "roa": 10.38,
        "operating_margin": 7.65,
        "cost_ratio": 12.04,
        "sga_ratio": 75.67
      },
      {
        "fiscal_year": "2022/03",
        "sales": 66100.0,
        "operating_profit": -192.0,
        "ordinary_profit": -644.0,
        "net_profit": -4720.0,
        "eps": -4590.0,
        "roe": -518.04,
        "roa": -1,
        "operating_margin": -1,
        "cost_ratio": -0.29,
        "sga_ratio": 89.34
      },
      {
        "fiscal_year": "2023/03",
        "sales": 79200.0,
        "operating_profit": 4360.0,
        "ordinary_profit": 4940.0,
        "net_profit": 3660.0,
        "eps": 3920.0000000000005,
        "roe": 405.19,
        "roa": 7.93,
        "operating_margin": 5.24,
        "cost_ratio": 5.5,
        "sga_ratio": 84.85
      },
      {
        "fiscal_year": "2024/03",
        "sales": 79600.0,
        "operating_profit": 10600.0,
        "ordinary_profit": 11400.0,
        "net_profit": 7890.000000000001,
        "eps": 8850.0,
        "roe": 884.9,
        "roa": 14.85,
        "operating_margin": 10.12,
        "cost_ratio": 13.34,
        "sga_ratio": 76.93
      },
      {
        "fiscal_year": "2025/03",
        "sales": 84000.0,
        "operating_profit": 14000.0,
        "ordinary_profit": 14000.0,
        "net_profit": 9800.0,
        "roe": 1117.19,
        "roa": 17.64,
        "operating_margin": 13.14,
        "cost_ratio": 16.67
      }
    ],
    "dividend_data": [
      {
        "fiscal_year": "2010/03",
        "total_dividend": 10.0,
        "dividend_yield": 3.51
      },
      {
        "fiscal_year": "2011/03",
        "total_dividend": 5.0,
        "dividend_yield": 1.87
      },
      {
        "fiscal_year": "2012/03",
        "total_dividend": 7.0,
        "dividend_yield": 2.3
      },
      {
        "fiscal_year": "2013/03",
        "total_dividend": 10.0,
        "dividend_yield": 2.82
      },
      {
        "fiscal_year": "2021/03",
        "total_dividend": 70.0,
        "dividend_yield": 3.71
      },
      {
        "fiscal_year": "2022/03",
        "total_dividend": 20.0,
        "dividend_yield": 1.5
      },
      {
        "fiscal_year": "2023/03",
        "total_dividend": 110.0,
        "dividend_yield": 6.3
      }
    ]
  },
  {
    "code": 5446,
    "name": "北越メタル",
    "annual_data": [
      {
        "date": "2010/03/31",
        "per": 5.39,
        "pbr": 0.33,
        "is_per_red": false,
        "is_pbr_red": false
      },
      {
        "date": "2011/03/31",
        "per": -1,
        "pbr": 0.26,
        "is_per_red": true,
        "is_pbr_red": false
      },
      {
        "date": "2012/03/30",
        "per": 11.94,
        "pbr": 0.25,
        "is_per_red": false,
        "is_pbr_red": false
      },
      {
        "date": "2013/03/29",
        "per": 12.96,
        "pbr": 0.26,
        "is_per_red": false,
        "is_pbr_red": false
      },
      {
        "date": "2014/03/31",
        "per": -1,
        "pbr": 0.25,
        "is_per_red": true,
        "is_pbr_red": false
      },
      {
        "date": "2015/03/31",
        "per": 16.32,
        "pbr": 0.34,
        "is_per_red": false,
        "is_pbr_red": false
      },
      {
        "date": "2016/03/30",
        "per": 8.86,
        "pbr": 0.4,
        "is_per_red": false,
        "is_pbr_red": false
      },
      {
        "date": "2017/03/31",
        "per": 16.0,
        "pbr": 0.33,
        "is_per_red": false,
        "is_pbr_red": false
      },
      {
        "date": "2018/03/30",
        "per": 12.54,
        "pbr": 0.35,
        "is_per_red": false,
        "is_pbr_red": false
      },
      {
        "date": "2019/03/29",
        "per": 29.67,
        "pbr": 0.28,
        "is_per_red": false,
        "is_pbr_red": false
      },
      {
        "date": "2020/03/31",
        "per": 3.97,
        "pbr": 0.24,
        "is_per_red": false,
        "is_pbr_red": false
      },
      {
        "date": "2021/03/31",
        "per": 6.5,
        "pbr": 0.29,
        "is_per_red": false,
        "is_pbr_red": false
      },
      {
        "date": "2022/03/31",
        "per": -1,
        "pbr": 0.24,
        "is_per_red": true,
        "is_pbr_red": false
      },
      {
        "date": "2023/03/31",
        "per": 6.63,
        "pbr": 0.41,
        "is_per_red": false,
        "is_pbr_red": false
      },
      {
        "date": "2024/03/29",
        "per": 12.4,
        "pbr": 0.34,
        "is_per_red": false,
        "is_pbr_red": false
      }
    ],
    "daily_data": [],
    "financial_data": [
      {
        "fiscal_year": "2008/03",
        "sales": 25200.0,
        "operating_profit": 791.0,
        "ordinary_profit": 764.0,
        "net_profit": 484.0,
        "roa": 3.71,
        "operating_margin": 1.92,
        "cost_ratio": 3.13,
        "sga_ratio": 87.63
      },
      {
        "fiscal_year": "2009/03",
        "sales": 28900.0,
        "operating_profit": 1950.0,
        "ordinary_profit": 1920.0,
        "net_profit": 800.0,
        "roa": 5.88,
        "operating_margin": 3.31,
        "cost_ratio": 6.73,
        "sga_ratio": 85.33
      },
      {
        "fiscal_year": "2010/03",
        "sales": 18800.0,
        "operating_profit": 1689.9999999999998,
        "ordinary_profit": 1680.0,
        "net_profit": 874.0,
        "roe": 43.77,
        "roa": 6.17,
        "operating_margin": 3.73,
        "cost_ratio": 8.96,
        "sga_ratio": 80.27
      },
      {
        "fiscal_year": "2011/03",
        "sales": 19200.0,
        "operating_profit": -536.0,
        "ordinary_profit": -537.0,
        "net_profit": -535.0,
        "eps": -480.0,
        "roe": -26.8,
        "roa": -1,
        "operating_margin": -1,
        "cost_ratio": -2.79,
        "sga_ratio": 90.82
      },
      {
        "fiscal_year": "2012/03",
        "sales": 21800.0,
        "operating_profit": 571.0,
        "ordinary_profit": 567.0,
        "net_profit": 288.0,
        "eps": 298.0,
        "roe": 14.4,
        "roa": 2.08,
        "operating_margin": 1.14,
        "cost_ratio": 2.62,
        "sga_ratio": 85.8
      },
      {
        "fiscal_year": "2013/03",
        "sales": 20300.0,
        "operating_profit": 468.0,
        "ordinary_profit": 488.99999999999994,
        "net_profit": 285.0,
        "eps": 420.0,
        "roe": 14.27,
        "roa": 2.03,
        "operating_margin": 1.2,
        "cost_ratio": 2.31,
        "sga_ratio": 85.52
      },
      {
        "fiscal_year": "2014/03",
        "sales": 21000.0,
        "operating_profit": -296.0,
        "ordinary_profit": -274.0,
        "net_profit": -241.0,
        "eps": -196.0,
        "roe": -12.44,
        "roa": -1,
        "operating_margin": -1,
        "cost_ratio": -1.41,
        "sga_ratio": 89.7
      },
      {
        "fiscal_year": "2015/03",
        "sales": 21200.0,
        "operating_profit": 514.0,
        "ordinary_profit": 522.0,
        "net_profit": 298.0,
        "eps": 495.0,
        "roe": 15.56,
        "roa": 2.11,
        "operating_margin": 1.4,
        "cost_ratio": 2.42,
        "sga_ratio": 85.64
      },
      {
        "fiscal_year": "2016/03",
        "sales": 19500.0,
        "operating_profit": 1040.0,
        "ordinary_profit": 1070.0,
        "net_profit": 662.0,
        "eps": 553.0,
        "roe": 34.53,
        "roa": 4.53,
        "operating_margin": 3.26,
        "cost_ratio": 5.35,
        "sga_ratio": 81.27
      },
      {
        "fiscal_year": "2017/03",
        "sales": 18000.0,
        "operating_profit": 462.0,
        "ordinary_profit": 501.0,
        "net_profit": 303.0,
        "eps": 455.0,
        "roe": 78.94,
        "roa": 2.04,
        "operating_margin": 1.51,
        "cost_ratio": 2.56,
        "sga_ratio": 83.4
      },
      {
        "fiscal_year": "2018/03",
        "sales": 22200.0,
        "operating_profit": -28.000000000000004,
        "ordinary_profit": 20.0,
        "net_profit": 417.0,
        "eps": 434.0,
        "roe": 108.77,
        "roa": 2.76,
        "operating_margin": 1.86,
        "cost_ratio": -0.13,
        "sga_ratio": 88.02
      },
      {
        "fiscal_year": "2019/03",
        "sales": 24300.0,
        "operating_profit": 217.0,
        "ordinary_profit": 272.0,
        "net_profit": 140.0,
        "eps": -82.0,
        "roe": 36.57,
        "roa": 0.94,
        "operating_margin": 0.64,
        "cost_ratio": 0.89,
        "sga_ratio": 87.83
      },
      {
        "fiscal_year": "2020/03",
        "sales": 22600.0,
        "operating_profit": 1430.0,
        "ordinary_profit": 1470.0,
        "net_profit": 961.9999999999999,
        "eps": 792.0,
        "roe": 250.94,
        "roa": 6.14,
        "operating_margin": 4.44,
        "cost_ratio": 6.33,
        "sga_ratio": 81.25
      },
      {
        "fiscal_year": "2021/03",
        "sales": 21800.0,
        "operating_profit": 550.0,
        "ordinary_profit": 600.0,
        "net_profit": 729.0,
        "eps": 830.0000000000001,
        "roe": 190.18,
        "roa": 4.51,
        "operating_margin": 2.74,
        "cost_ratio": 2.52,
        "sga_ratio": 84.17
      },
      {
        "fiscal_year": "2022/03",
        "sales": 27400.0,
        "operating_profit": -763.0,
        "ordinary_profit": -698.0,
        "net_profit": -968.0,
        "eps": -789.0,
        "roe": -252.05,
        "roa": -1,
        "operating_margin": -1,
        "cost_ratio": -2.79,
        "sga_ratio": 92.19
      },
      {
        "fiscal_year": "2023/03",
        "sales": 31000.0,
        "operating_profit": 1040.0,
        "ordinary_profit": 1130.0,
        "net_profit": 1010.0,
        "eps": 1170.0,
        "roe": 263.39,
        "roa": 6.16,
        "operating_margin": 3.62,
        "cost_ratio": 3.35,
        "sga_ratio": 86.56
      },
      {
        "fiscal_year": "2024/03",
        "sales": 31800.0,
        "operating_profit": 529.0,
        "ordinary_profit": 657.0,
        "net_profit": 468.0,
        "eps": 877.0,
        "roe": 121.64,
        "roa": 2.76,
        "operating_margin": 1.63,
        "cost_ratio": 1.66,
        "sga_ratio": 88.46
      },
      {
        "fiscal_year": "2025/03",
        "sales": 32000.0,
        "operating_profit": 600.0,
        "ordinary_profit": 650.0,
        "net_profit": 400.0,
        "roe": 103.89,
        "roa": 2.34,
        "operating_margin": 1.46,
        "cost_ratio": 1.88
      }
    ],
    "dividend_data": [
      {
        "fiscal_year": "2010/03",
        "total_dividend": 13.0,
        "dividend_yield": 5.51
      },
      {
        "fiscal_year": "2011/03",
        "total_dividend": 1.5,
        "dividend_yield": 0.86
      },
      {
        "fiscal_year": "2012/03",
        "total_dividend": 4.5,
        "dividend_yield": 2.62
      },
      {
        "fiscal_year": "2013/03",
        "total_dividend": 4.5,
        "dividend_yield": 2.43
      }
    ]
  },
  {
    "code": 5449,
    "name": "大阪製鐵",
    "annual_data": [
      {
        "date": "2010/03/31",
        "per": 14.69,
        "pbr": 0.53,
        "is_per_red": false,
        "is_pbr_red": false
      },
      {
        "date": "2011/03/31",
        "per": 16.59,
        "pbr": 0.54,
        "is_per_red": false,
        "is_pbr_red": false
      },
      {
        "date": "2012/03/30",
        "per": 19.29,
        "pbr": 0.57,
        "is_per_red": false,
        "is_pbr_red": false
      },
      {
        "date": "2013/03/29",
        "per": 29.26,
        "pbr": 0.56,
        "is_per_red": false,
        "is_pbr_red": false
      },
      {
        "date": "2014/03/31",
        "per": 51.2,
        "pbr": 0.58,
        "is_per_red": false,
        "is_pbr_red": false
      },
      {
        "date": "2015/03/31",
        "per": 13.36,
        "pbr": 0.65,
        "is_per_red": false,
        "is_pbr_red": false
      },
      {
        "date": "2016/03/31",
        "per": 6.93,
        "pbr": 0.52,
        "is_per_red": false,
        "is_pbr_red": false
      },
      {
        "date": "2017/03/31",
        "per": 28.3,
        "pbr": 0.57,
        "is_per_red": false,
        "is_pbr_red": false
      },
      {
        "date": "2018/03/30",
        "per": 19.65,
        "pbr": 0.6,
        "is_per_red": false,
        "is_pbr_red": false
      },
      {
        "date": "2019/03/29",
        "per": 17.72,
        "pbr": 0.51,
        "is_per_red": false,
        "is_pbr_red": false
      },
      {
        "date": "2020/03/31",
        "per": 10.62,
        "pbr": 0.31,
        "is_per_red": false,
        "is_pbr_red": false
      },
      {
        "date": "2021/03/31",
        "per": 61.82,
        "pbr": 0.38,
        "is_per_red": false,
        "is_pbr_red": false
      },
      {
        "date": "2022/03/31",
        "per": 23.54,
        "pbr": 0.41,
        "is_per_red": false,
        "is_pbr_red": false
      },
      {
        "date": "2023/03/31",
        "per": 17.71,
        "pbr": 0.34,
        "is_per_red": false,
        "is_pbr_red": false
      },
      {
        "date": "2024/03/29",
        "per": 27.68,
        "pbr": 0.57,
        "is_per_red": false,
        "is_pbr_red": false
      }
    ],
    "daily_data": [],
    "financial_data": [
      {
        "fiscal_year": "2008/03",
        "sales": 124100.0,
        "operating_profit": 12000.0,
        "ordinary_profit": 12200.0,
        "net_profit": 7030.0,
        "roa": 6.68,
        "operating_margin": 5.33,
        "cost_ratio": 9.69,
        "sga_ratio": 85.35
      },
      {
        "fiscal_year": "2009/03",
        "sales": 126600.0,
        "operating_profit": 20700.0,
        "ordinary_profit": 20800.0,
        "net_profit": 12000.0,
        "roa": 10.5,
        "operating_margin": 8.8,
        "cost_ratio": 16.39,
        "sga_ratio": 79.27
      },
      {
        "fiscal_year": "2010/03",
        "sales": 63700.0,
        "operating_profit": 7459.999999999999,
        "ordinary_profit": 7630.0,
        "net_profit": 4280.0,
        "roe": 101.33,
        "roa": 3.63,
        "operating_margin": 3.16,
        "cost_ratio": 11.7,
        "sga_ratio": 81.48
      },
      {
        "fiscal_year": "2011/03",
        "sales": 70500.0,
        "operating_profit": 6870.0,
        "ordinary_profit": 7070.0,
        "net_profit": 3920.0000000000005,
        "eps": 2820.0,
        "roe": 92.62,
        "roa": 3.24,
        "operating_margin": 2.85,
        "cost_ratio": 9.74,
        "sga_ratio": 84.25
      },
      {
        "fiscal_year": "2012/03",
        "sales": 71400.0,
        "operating_profit": 5890.0,
        "ordinary_profit": 6020.0,
        "net_profit": 3610.0,
        "eps": 3540.0,
        "roe": 85.27,
        "roa": 2.97,
        "operating_margin": 2.58,
        "cost_ratio": 8.25,
        "sga_ratio": 85.67
      },
      {
        "fiscal_year": "2013/03",
        "sales": 62500.0,
        "operating_profit": 4430.0,
        "ordinary_profit": 4670.0,
        "net_profit": 2330.0,
        "eps": 2450.0,
        "roe": 55.09,
        "roa": 1.91,
        "operating_margin": 1.67,
        "cost_ratio": 7.08,
        "sga_ratio": 86.17
      },
      {
        "fiscal_year": "2014/03",
        "sales": 69000.0,
        "operating_profit": 4910.0,
        "ordinary_profit": 5150.0,
        "net_profit": 1380.0,
        "eps": 1220.0,
        "roe": 35.33,
        "roa": 1.12,
        "operating_margin": 0.99,
        "cost_ratio": 7.11,
        "sga_ratio": 86.61
      },
      {
        "fiscal_year": "2015/03",
        "sales": 67700.0,
        "operating_profit": 9090.0,
        "ordinary_profit": 9140.0,
        "net_profit": 6220.0,
        "eps": 6650.0,
        "roe": 159.67,
        "roa": 4.85,
        "operating_margin": 4.24,
        "cost_ratio": 13.42,
        "sga_ratio": 80.1
      },
      {
        "fiscal_year": "2016/03",
        "sales": 54700.0,
        "operating_profit": 8100.0,
        "ordinary_profit": 8280.0,
        "net_profit": 10400.0,
        "eps": 10200.0,
        "roe": 265.91,
        "roa": 7.55,
        "operating_margin": 6.63,
        "cost_ratio": 14.81,
        "sga_ratio": 76.54
      },
      {
        "fiscal_year": "2017/03",
        "sales": 62100.0,
        "operating_profit": 5960.0,
        "ordinary_profit": 5930.0,
        "net_profit": 2770.0,
        "eps": 2920.0,
        "roe": 71.14,
        "roa": 2.0,
        "operating_margin": 1.63,
        "cost_ratio": 9.58,
        "sga_ratio": 80.51
      },
      {
        "fiscal_year": "2018/03",
        "sales": 81100.0,
        "operating_profit": 6870.0,
        "ordinary_profit": 6700.0,
        "net_profit": 4320.0,
        "eps": 4029.9999999999995,
        "roe": 110.94,
        "roa": 3.05,
        "operating_margin": 2.22,
        "cost_ratio": 8.47,
        "sga_ratio": 83.45
      },
      {
        "fiscal_year": "2019/03",
        "sales": 96600.0,
        "operating_profit": 7370.0,
        "ordinary_profit": 6880.0,
        "net_profit": 4120.0,
        "eps": 3290.0,
        "roe": 105.91,
        "roa": 2.87,
        "operating_margin": 2.04,
        "cost_ratio": 7.63,
        "sga_ratio": 85.01
      },
      {
        "fiscal_year": "2020/03",
        "sales": 91600.0,
        "operating_profit": 7450.0,
        "ordinary_profit": 6750.0,
        "net_profit": 4230.0,
        "eps": 3490.0,
        "roe": 108.71,
        "roa": 2.89,
        "operating_margin": 2.11,
        "cost_ratio": 8.13,
        "sga_ratio": 84.1
      },
      {
        "fiscal_year": "2021/03",
        "sales": 76600.0,
        "operating_profit": 1410.0,
        "ordinary_profit": 1300.0,
        "net_profit": 897.0000000000001,
        "eps": 918.0,
        "roe": 23.05,
        "roa": 0.61,
        "operating_margin": 0.46,
        "cost_ratio": 1.84,
        "sga_ratio": 89.41
      },
      {
        "fiscal_year": "2022/03",
        "sales": 104500.0,
        "operating_profit": 3860.0,
        "ordinary_profit": 3960.0,
        "net_profit": 2570.0,
        "eps": 3070.0,
        "roe": 65.96,
        "roa": 1.73,
        "operating_margin": 1.23,
        "cost_ratio": 3.7,
        "sga_ratio": 90.15
      },
      {
        "fiscal_year": "2023/03",
        "sales": 117100.0,
        "operating_profit": 5940.0,
        "ordinary_profit": 6380.0,
        "net_profit": 2900.0,
        "eps": 2930.0,
        "roe": 74.59,
        "roa": 1.92,
        "operating_margin": 1.36,
        "cost_ratio": 5.07,
        "sga_ratio": 89.33
      },
      {
        "fiscal_year": "2024/03",
        "sales": 117100.0,
        "operating_profit": 7009.999999999999,
        "ordinary_profit": 6300.0,
        "net_profit": 3120.0,
        "eps": 2260.0,
        "roe": 80.19,
        "roa": 2.05,
        "operating_margin": 1.52,
        "cost_ratio": 5.99,
        "sga_ratio": 87.97
      },
      {
        "fiscal_year": "2025/03",
        "sales": 115000.0,
        "operating_profit": 5300.0,
        "ordinary_profit": 4500.0,
        "net_profit": 2800.0,
        "roe": 71.94,
        "roa": 1.8,
        "operating_margin": 1.41,
        "cost_ratio": 4.61
      }
    ],
    "dividend_data": [
      {
        "fiscal_year": "2010/03",
        "total_dividend": 15.0,
        "dividend_yield": 1.01
      },
      {
        "fiscal_year": "2011/03",
        "total_dividend": 25.0,
        "dividend_yield": 1.63
      },
      {
        "fiscal_year": "2012/03",
        "total_dividend": 20.0,
        "dividend_yield": 1.22
      },
      {
        "fiscal_year": "2013/03",
        "total_dividend": 15.0,
        "dividend_yield": 0.93
      }
    ]
  },
  {
    "code": 5451,
    "name": "淀川製鋼所",
    "annual_data": [
      {
        "date": "2010/03/31",
        "per": -1,
        "pbr": 0.59,
        "is_per_red": true,
        "is_pbr_red": false
      },
      {
        "date": "2011/03/31",
        "per": 41.17,
        "pbr": 0.56,
        "is_per_red": false,
        "is_pbr_red": false
      },
      {
        "date": "2012/03/30",
        "per": 17.3,
        "pbr": 0.52,
        "is_per_red": false,
        "is_pbr_red": false
      },
      {
        "date": "2013/03/29",
        "per": 25.77,
        "pbr": 0.49,
        "is_per_red": false,
        "is_pbr_red": false
      },
      {
        "date": "2014/03/31",
        "per": 20.57,
        "pbr": 0.48,
        "is_per_red": false,
        "is_pbr_red": false
      },
      {
        "date": "2015/03/31",
        "per": 28.46,
        "pbr": 0.5,
        "is_per_red": false,
        "is_pbr_red": false
      },
      {
        "date": "2016/03/31",
        "per": -1,
        "pbr": 0.53,
        "is_per_red": true,
        "is_pbr_red": false
      },
      {
        "date": "2017/03/31",
        "per": 13.47,
        "pbr": 0.63,
        "is_per_red": false,
        "is_pbr_red": false
      },
      {
        "date": "2018/03/30",
        "per": 11.57,
        "pbr": 0.56,
        "is_per_red": false,
        "is_pbr_red": false
      },
      {
        "date": "2019/03/29",
        "per": 9.73,
        "pbr": 0.4,
        "is_per_red": false,
        "is_pbr_red": false
      },
      {
        "date": "2020/03/31",
        "per": 13.48,
        "pbr": 0.35,
        "is_per_red": false,
        "is_pbr_red": false
      },
      {
        "date": "2021/03/31",
        "per": 11.37,
        "pbr": 0.43,
        "is_per_red": false,
        "is_pbr_red": false
      },
      {
        "date": "2022/03/31",
        "per": 7.73,
        "pbr": 0.44,
        "is_per_red": false,
        "is_pbr_red": false
      },
      {
        "date": "2023/03/31",
        "per": 7.4,
        "pbr": 0.44,
        "is_per_red": false,
        "is_pbr_red": false
      },
      {
        "date": "2024/03/29",
        "per": 29.59,
        "pbr": 0.7,
        "is_per_red": false,
        "is_pbr_red": false
      }
    ],
    "daily_data": [],
    "financial_data": [
      {
        "fiscal_year": "2009/03",
        "sales": 194600.0,
        "operating_profit": 5140.0,
        "ordinary_profit": 6609.999999999999,
        "net_profit": 1420.0,
        "roa": 1.08,
        "operating_margin": 0.79,
        "cost_ratio": 2.64,
        "sga_ratio": 89.14
      },
      {
        "fiscal_year": "2010/03",
        "sales": 132400.0,
        "operating_profit": 2000.0,
        "ordinary_profit": 2850.0,
        "net_profit": -3300.0,
        "roe": -17.89,
        "roa": -1,
        "operating_margin": -1,
        "cost_ratio": 1.51,
        "sga_ratio": 88.44
      },
      {
        "fiscal_year": "2011/03",
        "sales": 144800.0,
        "operating_profit": 4220.0,
        "ordinary_profit": 4750.0,
        "net_profit": 1730.0,
        "eps": -767.0,
        "roe": 9.38,
        "roa": 1.36,
        "operating_margin": 0.99,
        "cost_ratio": 2.92,
        "sga_ratio": 87.71
      },
      {
        "fiscal_year": "2012/03",
        "sales": 152800.0,
        "operating_profit": 6409.999999999999,
        "ordinary_profit": 7509.999999999999,
        "net_profit": 3840.0,
        "eps": 2860.0,
        "roe": 20.87,
        "roa": 3.0,
        "operating_margin": 2.16,
        "cost_ratio": 4.2,
        "sga_ratio": 86.67
      },
      {
        "fiscal_year": "2013/03",
        "sales": 141100.0,
        "operating_profit": 3629.9999999999995,
        "ordinary_profit": 4950.0,
        "net_profit": 2520.0,
        "eps": 9110.0,
        "roe": 13.66,
        "roa": 1.89,
        "operating_margin": 1.34,
        "cost_ratio": 2.57,
        "sga_ratio": 86.61
      },
      {
        "fiscal_year": "2014/03",
        "sales": 157600.0,
        "operating_profit": 6120.0,
        "ordinary_profit": 7590.000000000001,
        "net_profit": 3270.0000000000005,
        "eps": 13000.0,
        "roe": 20.76,
        "roa": 2.33,
        "operating_margin": 1.57,
        "cost_ratio": 3.89,
        "sga_ratio": 85.6
      },
      {
        "fiscal_year": "2015/03",
        "sales": 175900.0,
        "operating_profit": 3429.9999999999995,
        "ordinary_profit": 7170.0,
        "net_profit": 2620.0,
        "eps": 11300.0,
        "roe": 16.73,
        "roa": 1.78,
        "operating_margin": 1.19,
        "cost_ratio": 1.95,
        "sga_ratio": 88.0
      },
      {
        "fiscal_year": "2016/03",
        "sales": 159200.0,
        "operating_profit": 7300.0,
        "ordinary_profit": 8440.0,
        "net_profit": -2770.0,
        "eps": -8020.0,
        "roe": -90.13,
        "roa": -1,
        "operating_margin": -1,
        "cost_ratio": 4.59,
        "sga_ratio": 84.78
      },
      {
        "fiscal_year": "2017/03",
        "sales": 154200.0,
        "operating_profit": 13200.0,
        "ordinary_profit": 13800.0,
        "net_profit": 6730.0,
        "eps": 11900.0,
        "roe": 224.24,
        "roa": 4.7,
        "operating_margin": 3.21,
        "cost_ratio": 8.54,
        "sga_ratio": 80.33
      },
      {
        "fiscal_year": "2018/03",
        "sales": 173800.0,
        "operating_profit": 10900.0,
        "ordinary_profit": 12300.0,
        "net_profit": 7359.999999999999,
        "eps": 13300.0,
        "roe": 247.97,
        "roa": 4.86,
        "operating_margin": 3.41,
        "cost_ratio": 6.25,
        "sga_ratio": 83.41
      },
      {
        "fiscal_year": "2019/03",
        "sales": 167400.0,
        "operating_profit": 5880.0,
        "ordinary_profit": 9830.0,
        "net_profit": 6250.0,
        "eps": 593.0,
        "roe": 211.06,
        "roa": 4.16,
        "operating_margin": 2.99,
        "cost_ratio": 3.51,
        "sga_ratio": 86.12
      },
      {
        "fiscal_year": "2020/03",
        "sales": 154100.0,
        "operating_profit": 5490.0,
        "ordinary_profit": 7430.0,
        "net_profit": 3860.0,
        "eps": 2120.0,
        "roe": 131.12,
        "roa": 2.57,
        "operating_margin": 1.92,
        "cost_ratio": 3.56,
        "sga_ratio": 85.38
      },
      {
        "fiscal_year": "2021/03",
        "sales": 146000.0,
        "operating_profit": 7880.0,
        "ordinary_profit": 9790.0,
        "net_profit": 6260.0,
        "eps": 16400.0,
        "roe": 215.56,
        "roa": 3.85,
        "operating_margin": 2.77,
        "cost_ratio": 5.4,
        "sga_ratio": 82.97
      },
      {
        "fiscal_year": "2022/03",
        "sales": 201700.0,
        "operating_profit": 14300.0,
        "ordinary_profit": 17900.0,
        "net_profit": 9790.0,
        "eps": 14200.0,
        "roe": 339.77,
        "roa": 5.75,
        "operating_margin": 4.0,
        "cost_ratio": 7.12,
        "sga_ratio": 83.54
      },
      {
        "fiscal_year": "2023/03",
        "sales": 220300.0,
        "operating_profit": 12700.0,
        "ordinary_profit": 17700.0,
        "net_profit": 10600.0,
        "eps": 14900.0,
        "roe": 367.1,
        "roa": 5.9,
        "operating_margin": 4.22,
        "cost_ratio": 5.75,
        "sga_ratio": 85.17
      },
      {
        "fiscal_year": "2024/03",
        "sales": 204000.0,
        "operating_profit": 12000.0,
        "ordinary_profit": 15200.0,
        "net_profit": 4460.0,
        "eps": 16300.0,
        "roe": 154.27,
        "roa": 2.35,
        "operating_margin": 1.68,
        "cost_ratio": 5.89,
        "sga_ratio": 84.42
      },
      {
        "fiscal_year": "2025/03",
        "sales": 207000.0,
        "operating_profit": 12100.0,
        "ordinary_profit": 19200.0,
        "net_profit": 11900.0,
        "roe": 411.7,
        "roa": 6.18,
        "operating_margin": 4.4,
        "cost_ratio": 5.85
      }
    ],
    "dividend_data": [
      {
        "fiscal_year": "2010/03",
        "total_dividend": 10.0,
        "dividend_yield": 2.39
      },
      {
        "fiscal_year": "2011/03",
        "total_dividend": 10.0,
        "dividend_yield": 2.59
      },
      {
        "fiscal_year": "2012/03",
        "total_dividend": 10.0,
        "dividend_yield": 2.77
      },
      {
        "fiscal_year": "2013/03",
        "total_dividend": 7.5,
        "dividend_yield": 2.13
      }
    ]
  },
  {
    "code": 5458,
    "name": "高砂鐵工",
    "annual_data": [
      {
        "date": "2010/03/31",
        "per": -1,
        "pbr": 1.34,
        "is_per_red": true,
        "is_pbr_red": false
      },
      {
        "date": "2011/03/31",
        "per": 2.91,
        "pbr": 0.87,
        "is_per_red": false,
        "is_pbr_red": false
      },
      {
        "date": "2012/03/30",
        "per": -1,
        "pbr": 1.68,
        "is_per_red": true,
        "is_pbr_red": false
      },
      {
        "date": "2013/03/29",
        "per": -1,
        "pbr": 1.62,
        "is_per_red": true,
        "is_pbr_red": false
      },
      {
        "date": "2014/03/31",
        "per": 8.72,
        "pbr": 2.11,
        "is_per_red": false,
        "is_pbr_red": false
      },
      {
        "date": "2015/03/31",
        "per": 9.98,
        "pbr": 2.12,
        "is_per_red": false,
        "is_pbr_red": false
      },
      {
        "date": "2016/03/31",
        "per": 9.3,
        "pbr": 1.11,
        "is_per_red": false,
        "is_pbr_red": false
      },
      {
        "date": "2017/03/31",
        "per": 5.61,
        "pbr": 1.04,
        "is_per_red": false,
        "is_pbr_red": false
      },
      {
        "date": "2018/03/30",
        "per": 6.74,
        "pbr": 1.01,
        "is_per_red": false,
        "is_pbr_red": false
      },
      {
        "date": "2019/03/29",
        "per": 5.17,
        "pbr": 0.7,
        "is_per_red": false,
        "is_pbr_red": false
      },
      {
        "date": "2020/03/31",
        "per": 22.01,
        "pbr": 0.54,
        "is_per_red": false,
        "is_pbr_red": false
      },
      {
        "date": "2021/03/31",
        "per": 16.69,
        "pbr": 0.69,
        "is_per_red": false,
        "is_pbr_red": false
      },
      {
        "date": "2022/03/31",
        "per": 3.99,
        "pbr": 0.66,
        "is_per_red": false,
        "is_pbr_red": false
      },
      {
        "date": "2023/03/31",
        "per": 4.71,
        "pbr": 0.57,
        "is_per_red": false,
        "is_pbr_red": false
      },
      {
        "date": "2024/03/29",
        "per": 11.41,
        "pbr": 0.61,
        "is_per_red": false,
        "is_pbr_red": false
      }
    ],
    "daily_data": [],
    "financial_data": [
      {
        "fiscal_year": "2008/03",
        "sales": 36500.0,
        "operating_profit": 835.0,
        "ordinary_profit": 637.0,
        "net_profit": 0.0,
        "roa": 0.0,
        "operating_margin": 0.0,
        "cost_ratio": 2.29,
        "sga_ratio": 88.97
      },
      {
        "fiscal_year": "2009/03",
        "sales": 27400.0,
        "operating_profit": -1850.0,
        "ordinary_profit": -2050.0,
        "net_profit": -2020.0,
        "roa": -1,
        "operating_margin": -1,
        "cost_ratio": -6.75,
        "sga_ratio": 96.04
      },
      {
        "fiscal_year": "2010/03",
        "sales": 18400.0,
        "operating_profit": -2070.0,
        "ordinary_profit": -2210.0,
        "net_profit": -339.0,
        "roe": -11.27,
        "roa": -1,
        "operating_margin": -1,
        "cost_ratio": -11.23,
        "sga_ratio": 97.56
      },
      {
        "fiscal_year": "2011/03",
        "sales": 17100.0,
        "operating_profit": -911.9999999999999,
        "ordinary_profit": -1080.0,
        "net_profit": 755.0,
        "eps": 764.0,
        "roe": 25.1,
        "roa": 29.81,
        "operating_margin": 5.05,
        "cost_ratio": -5.34,
        "sga_ratio": 94.79
      },
      {
        "fiscal_year": "2012/03",
        "sales": 12600.0,
        "operating_profit": -621.0,
        "ordinary_profit": -768.0,
        "net_profit": -1280.0,
        "eps": -1280.0,
        "roe": -42.45,
        "roa": -1,
        "operating_margin": -1,
        "cost_ratio": -4.92,
        "sga_ratio": 93.07
      },
      {
        "fiscal_year": "2013/03",
        "sales": 9750.0,
        "operating_profit": -8.0,
        "ordinary_profit": -164.0,
        "net_profit": -216.0,
        "eps": -216.0,
        "roe": -7.18,
        "roa": -1,
        "operating_margin": -1,
        "cost_ratio": -0.08,
        "sga_ratio": 90.19
      },
      {
        "fiscal_year": "2014/03",
        "sales": 10200.0,
        "operating_profit": 314.0,
        "ordinary_profit": 178.0,
        "net_profit": 317.0,
        "eps": 320.0,
        "roe": 10.56,
        "roa": 24.22,
        "operating_margin": 3.35,
        "cost_ratio": 3.08,
        "sga_ratio": 87.35
      },
      {
        "fiscal_year": "2015/03",
        "sales": 9980.0,
        "operating_profit": 518.0,
        "ordinary_profit": 412.0,
        "net_profit": 361.0,
        "eps": 384.0,
        "roe": 12.02,
        "roa": 21.2,
        "operating_margin": 3.91,
        "cost_ratio": 5.19,
        "sga_ratio": 85.49
      },
      {
        "fiscal_year": "2016/03",
        "sales": 9080.0,
        "operating_profit": 281.0,
        "ordinary_profit": 211.0,
        "net_profit": 225.99999999999997,
        "eps": 184.0,
        "roe": 7.53,
        "roa": 11.98,
        "operating_margin": 2.81,
        "cost_ratio": 3.1,
        "sga_ratio": 86.8
      },
      {
        "fiscal_year": "2017/03",
        "sales": 9030.0,
        "operating_profit": 422.0,
        "ordinary_profit": 374.0,
        "net_profit": 428.0,
        "eps": 430.0,
        "roe": 14.25,
        "roa": 18.46,
        "operating_margin": 5.39,
        "cost_ratio": 4.67,
        "sga_ratio": 85.29
      },
      {
        "fiscal_year": "2018/03",
        "sales": 10500.0,
        "operating_profit": 556.0,
        "ordinary_profit": 499.0,
        "net_profit": 405.0,
        "eps": 393.0,
        "roe": 134.88,
        "roa": 14.94,
        "operating_margin": 4.92,
        "cost_ratio": 5.28,
        "sga_ratio": 85.07
      },
      {
        "fiscal_year": "2019/03",
        "sales": 11000.0,
        "operating_profit": 551.0,
        "ordinary_profit": 537.0,
        "net_profit": 423.00000000000006,
        "eps": 454.0,
        "roe": 140.88,
        "roa": 13.62,
        "operating_margin": 5.45,
        "cost_ratio": 5.01,
        "sga_ratio": 85.7
      },
      {
        "fiscal_year": "2020/03",
        "sales": 9680.0,
        "operating_profit": 219.0,
        "ordinary_profit": 210.0,
        "net_profit": 76.0,
        "eps": 74.0,
        "roe": 25.31,
        "roa": 2.44,
        "operating_margin": 1.03,
        "cost_ratio": 2.26,
        "sga_ratio": 87.32
      },
      {
        "fiscal_year": "2021/03",
        "sales": 8730.0,
        "operating_profit": 60.0,
        "ordinary_profit": 111.00000000000001,
        "net_profit": 134.0,
        "eps": 150.0,
        "roe": 44.63,
        "roa": 4.14,
        "operating_margin": 1.83,
        "cost_ratio": 0.69,
        "sga_ratio": 88.43
      },
      {
        "fiscal_year": "2022/03",
        "sales": 10800.0,
        "operating_profit": 796.0,
        "ordinary_profit": 807.0,
        "net_profit": 647.0,
        "eps": 695.0,
        "roe": 215.5,
        "roa": 16.6,
        "operating_margin": 7.62,
        "cost_ratio": 7.35,
        "sga_ratio": 83.23
      },
      {
        "fiscal_year": "2023/03",
        "sales": 12200.0,
        "operating_profit": 775.0,
        "ordinary_profit": 779.0,
        "net_profit": 523.0,
        "eps": 521.0,
        "roe": 174.2,
        "roa": 12.13,
        "operating_margin": 5.91,
        "cost_ratio": 6.33,
        "sga_ratio": 84.71
      },
      {
        "fiscal_year": "2024/03",
        "sales": 12200.0,
        "operating_profit": 389.0,
        "ordinary_profit": 395.0,
        "net_profit": 234.0,
        "eps": 197.0,
        "roe": 77.94,
        "roa": 5.31,
        "operating_margin": 2.42,
        "cost_ratio": 3.19,
        "sga_ratio": 87.62
      },
      {
        "fiscal_year": "2025/03",
        "sales": 14100.0,
        "operating_profit": 550.0,
        "ordinary_profit": 550.0,
        "net_profit": 360.0,
        "roe": 119.91,
        "roa": 8.03,
        "operating_margin": 3.73,
        "cost_ratio": 3.91
      }
    ],
    "dividend_data": [
      {
        "fiscal_year": "2013/03",
        "total_dividend": 0.0
      }
    ]
  },
  {
    "code": 5461,
    "name": "中部鋼鈑",
    "annual_data": [
      {
        "date": "2010/03/31",
        "per": -1,
        "pbr": 0.36,
        "is_per_red": true,
        "is_pbr_red": false
      },
      {
        "date": "2011/03/31",
        "per": 17.63,
        "pbr": 0.32,
        "is_per_red": false,
        "is_pbr_red": false
      },
      {
        "date": "2012/03/30",
        "per": 16.84,
        "pbr": 0.27,
        "is_per_red": false,
        "is_pbr_red": false
      },
      {
        "date": "2013/03/29",
        "per": -1,
        "pbr": 0.22,
        "is_per_red": true,
        "is_pbr_red": false
      },
      {
        "date": "2014/03/31",
        "per": 31.86,
        "pbr": 0.24,
        "is_per_red": false,
        "is_pbr_red": false
      },
      {
        "date": "2015/03/31",
        "per": 10.43,
        "pbr": 0.29,
        "is_per_red": false,
        "is_pbr_red": false
      },
      {
        "date": "2016/03/31",
        "per": 5.32,
        "pbr": 0.26,
        "is_per_red": false,
        "is_pbr_red": false
      },
      {
        "date": "2017/03/31",
        "per": 9.01,
        "pbr": 0.32,
        "is_per_red": false,
        "is_pbr_red": false
      },
      {
        "date": "2018/03/30",
        "per": 9.51,
        "pbr": 0.39,
        "is_per_red": false,
        "is_pbr_red": false
      },
      {
        "date": "2019/03/29",
        "per": 9.87,
        "pbr": 0.29,
        "is_per_red": false,
        "is_pbr_red": false
      },
      {
        "date": "2020/03/31",
        "per": 6.23,
        "pbr": 0.28,
        "is_per_red": false,
        "is_pbr_red": false
      },
      {
        "date": "2021/03/31",
        "per": 14.12,
        "pbr": 0.36,
        "is_per_red": false,
        "is_pbr_red": false
      },
      {
        "date": "2022/03/31",
        "per": 6.27,
        "pbr": 0.36,
        "is_per_red": false,
        "is_pbr_red": false
      },
      {
        "date": "2023/03/31",
        "per": 7.61,
        "pbr": 0.89,
        "is_per_red": false,
        "is_pbr_red": false
      },
      {
        "date": "2024/03/29",
        "per": 10.21,
        "pbr": 0.93,
        "is_per_red": false,
        "is_pbr_red": false
      }
    ],
    "daily_data": [],
    "financial_data": [
      {
        "fiscal_year": "2008/03",
        "sales": 64600.0,
        "operating_profit": 6300.0,
        "ordinary_profit": 6270.0,
        "net_profit": 3490.0,
        "roa": 7.82,
        "operating_margin": 6.19,
        "cost_ratio": 9.75,
        "sga_ratio": 82.5
      },
      {
        "fiscal_year": "2009/03",
        "sales": 77400.0,
        "operating_profit": 16000.0,
        "ordinary_profit": 16000.0,
        "net_profit": 8520.0,
        "roa": 16.26,
        "operating_margin": 12.75,
        "cost_ratio": 20.65,
        "sga_ratio": 72.66
      },
      {
        "fiscal_year": "2010/03",
        "sales": 22700.0,
        "operating_profit": 199.0,
        "ordinary_profit": 354.0,
        "net_profit": -385.0,
        "roe": -12.34,
        "roa": -1,
        "operating_margin": -1,
        "cost_ratio": 0.88,
        "sga_ratio": 85.52
      },
      {
        "fiscal_year": "2011/03",
        "sales": 41600.0,
        "operating_profit": 1430.0,
        "ordinary_profit": 1510.0,
        "net_profit": 938.0000000000001,
        "eps": 811.0,
        "roe": 30.06,
        "roa": 1.82,
        "operating_margin": 1.59,
        "cost_ratio": 3.44,
        "sga_ratio": 86.56
      },
      {
        "fiscal_year": "2012/03",
        "sales": 43500.0,
        "operating_profit": 1460.0,
        "ordinary_profit": 1570.0,
        "net_profit": 827.9999999999999,
        "eps": 821.0000000000001,
        "roe": 26.54,
        "roa": 1.59,
        "operating_margin": 1.38,
        "cost_ratio": 3.37,
        "sga_ratio": 86.7
      },
      {
        "fiscal_year": "2013/03",
        "sales": 34800.0,
        "operating_profit": -1190.0,
        "ordinary_profit": -1120.0,
        "net_profit": -746.0,
        "eps": -626.0,
        "roe": -23.91,
        "roa": -1,
        "operating_margin": -1,
        "cost_ratio": -3.4,
        "sga_ratio": 91.94
      },
      {
        "fiscal_year": "2014/03",
        "sales": 44700.0,
        "operating_profit": 906.0,
        "ordinary_profit": 865.0,
        "net_profit": 388.0,
        "eps": 590.0,
        "roe": 12.93,
        "roa": 0.76,
        "operating_margin": 0.66,
        "cost_ratio": 2.03,
        "sga_ratio": 88.51
      },
      {
        "fiscal_year": "2015/03",
        "sales": 43400.0,
        "operating_profit": 2330.0,
        "ordinary_profit": 2390.0,
        "net_profit": 1460.0,
        "eps": 1800.0,
        "roe": 48.7,
        "roa": 2.75,
        "operating_margin": 2.42,
        "cost_ratio": 5.37,
        "sga_ratio": 84.97
      },
      {
        "fiscal_year": "2016/03",
        "sales": 37700.0,
        "operating_profit": 4270.0,
        "ordinary_profit": 4330.0,
        "net_profit": 2820.0,
        "eps": 2540.0,
        "roe": 94.7,
        "roa": 5.18,
        "operating_margin": 4.57,
        "cost_ratio": 11.33,
        "sga_ratio": 77.74
      },
      {
        "fiscal_year": "2017/03",
        "sales": 36300.0,
        "operating_profit": 3090.0,
        "ordinary_profit": 3040.0,
        "net_profit": 2039.9999999999998,
        "eps": 2550.0,
        "roe": 72.06,
        "roa": 3.62,
        "operating_margin": 3.18,
        "cost_ratio": 8.5,
        "sga_ratio": 80.01
      },
      {
        "fiscal_year": "2018/03",
        "sales": 45300.0,
        "operating_profit": 3020.0,
        "ordinary_profit": 3040.0,
        "net_profit": 2350.0,
        "eps": 2400.0,
        "roe": 83.85,
        "roa": 4.05,
        "operating_margin": 3.49,
        "cost_ratio": 6.65,
        "sga_ratio": 83.44
      },
      {
        "fiscal_year": "2019/03",
        "sales": 52200.0,
        "operating_profit": 2810.0,
        "ordinary_profit": 2900.0,
        "net_profit": 1730.0,
        "eps": 1430.0,
        "roe": 61.93,
        "roa": 2.94,
        "operating_margin": 2.51,
        "cost_ratio": 5.38,
        "sga_ratio": 84.53
      },
      {
        "fiscal_year": "2020/03",
        "sales": 44500.0,
        "operating_profit": 4650.0,
        "ordinary_profit": 4660.0,
        "net_profit": 2750.0,
        "eps": 2660.0,
        "roe": 99.59,
        "roa": 4.53,
        "operating_margin": 4.02,
        "cost_ratio": 10.46,
        "sga_ratio": 78.15
      },
      {
        "fiscal_year": "2021/03",
        "sales": 40300.0,
        "operating_profit": 2570.0,
        "ordinary_profit": 2530.0,
        "net_profit": 1590.0,
        "eps": 2380.0,
        "roe": 57.72,
        "roa": 2.56,
        "operating_margin": 2.29,
        "cost_ratio": 6.38,
        "sga_ratio": 81.95
      },
      {
        "fiscal_year": "2022/03",
        "sales": 64400.0,
        "operating_profit": 5550.0,
        "ordinary_profit": 5530.0,
        "net_profit": 3790.0,
        "eps": 3890.0,
        "roe": 137.09,
        "roa": 5.78,
        "operating_margin": 4.87,
        "cost_ratio": 8.62,
        "sga_ratio": 83.18
      },
      {
        "fiscal_year": "2023/03",
        "sales": 76300.0,
        "operating_profit": 12300.0,
        "ordinary_profit": 12300.0,
        "net_profit": 8580.0,
        "eps": 9020.0,
        "roe": 310.51,
        "roa": 11.74,
        "operating_margin": 9.74,
        "cost_ratio": 16.07,
        "sga_ratio": 76.64
      },
      {
        "fiscal_year": "2024/03",
        "sales": 67800.0,
        "operating_profit": 10400.0,
        "ordinary_profit": 10200.0,
        "net_profit": 7130.0,
        "eps": 8220.0,
        "roe": 259.31,
        "roa": 9.29,
        "operating_margin": 7.62,
        "cost_ratio": 15.38,
        "sga_ratio": 76.81
      },
      {
        "fiscal_year": "2025/03",
        "sales": 60800.0,
        "operating_profit": 6200.0,
        "ordinary_profit": 6100.0,
        "net_profit": 4400.0,
        "roe": 162.47,
        "roa": 5.7,
        "operating_margin": 5.05,
        "cost_ratio": 10.2
      }
    ],
    "dividend_data": [
      {
        "fiscal_year": "2010/03",
        "total_dividend": 16.0,
        "dividend_yield": 2.67
      },
      {
        "fiscal_year": "2011/03",
        "total_dividend": 12.0,
        "dividend_yield": 2.26
      },
      {
        "fiscal_year": "2012/03",
        "total_dividend": 10.0,
        "dividend_yield": 2.24
      },
      {
        "fiscal_year": "2013/03",
        "total_dividend": 5.0,
        "dividend_yield": 1.38
      }
    ]
  },
  {
    "code": 5463,
    "name": "丸一鋼管",
    "annual_data": [
      {
        "date": "2010/03/31",
        "per": 24.21,
        "pbr": 0.91,
        "is_per_red": false,
        "is_pbr_red": false
      },
      {
        "date": "2011/03/31",
        "per": 18.92,
        "pbr": 0.92,
        "is_per_red": false,
        "is_pbr_red": false
      },
      {
        "date": "2012/03/30",
        "per": 24.37,
        "pbr": 0.88,
        "is_per_red": false,
        "is_pbr_red": false
      },
      {
        "date": "2013/03/29",
        "per": 19.61,
        "pbr": 0.96,
        "is_per_red": false,
        "is_pbr_red": false
      },
      {
        "date": "2014/03/31",
        "per": 16.45,
        "pbr": 0.97,
        "is_per_red": false,
        "is_pbr_red": false
      },
      {
        "date": "2015/03/31",
        "per": 25.93,
        "pbr": 0.99,
        "is_per_red": false,
        "is_pbr_red": false
      },
      {
        "date": "2016/03/31",
        "per": 23.07,
        "pbr": 1.1,
        "is_per_red": false,
        "is_pbr_red": false
      },
      {
        "date": "2017/03/31",
        "per": 14.78,
        "pbr": 1.05,
        "is_per_red": false,
        "is_pbr_red": false
      },
      {
        "date": "2018/03/30",
        "per": 17.07,
        "pbr": 1.04,
        "is_per_red": false,
        "is_pbr_red": false
      },
      {
        "date": "2019/03/29",
        "per": 18.72,
        "pbr": 1.01,
        "is_per_red": false,
        "is_pbr_red": false
      },
      {
        "date": "2020/03/31",
        "per": 33.85,
        "pbr": 0.84,
        "is_per_red": false,
        "is_pbr_red": false
      },
      {
        "date": "2021/03/31",
        "per": 15.04,
        "pbr": 0.77,
        "is_per_red": false,
        "is_pbr_red": false
      },
      {
        "date": "2022/03/31",
        "per": 8.1,
        "pbr": 0.74,
        "is_per_red": false,
        "is_pbr_red": false
      },
      {
        "date": "2023/03/31",
        "per": 9.59,
        "pbr": 0.74,
        "is_per_red": false,
        "is_pbr_red": false
      },
      {
        "date": "2024/03/29",
        "per": 12.27,
        "pbr": 0.92,
        "is_per_red": false,
        "is_pbr_red": false
      }
    ],
    "daily_data": [],
    "financial_data": [
      {
        "fiscal_year": "2008/03",
        "sales": 118800.0,
        "operating_profit": 18300.0,
        "ordinary_profit": 22000.0,
        "net_profit": 11300.0,
        "roa": 5.39,
        "operating_margin": 4.27,
        "cost_ratio": 15.38,
        "sga_ratio": 76.59
      },
      {
        "fiscal_year": "2009/03",
        "sales": 154300.0,
        "operating_profit": 11300.0,
        "ordinary_profit": 13100.0,
        "net_profit": -1660.0000000000002,
        "roa": -1,
        "operating_margin": -1,
        "cost_ratio": 7.32,
        "sga_ratio": 85.6
      },
      {
        "fiscal_year": "2010/03",
        "sales": 102400.0,
        "operating_profit": 10600.0,
        "ordinary_profit": 12100.0,
        "net_profit": 7359.999999999999,
        "roe": 78.33,
        "roa": 3.75,
        "operating_margin": 2.86,
        "cost_ratio": 10.31,
        "sga_ratio": 79.88
      },
      {
        "fiscal_year": "2011/03",
        "sales": 115800.0,
        "operating_profit": 16500.0,
        "ordinary_profit": 18600.0,
        "net_profit": 10200.0,
        "eps": 5200.0,
        "roe": 108.63,
        "roa": 4.86,
        "operating_margin": 3.95,
        "cost_ratio": 14.26,
        "sga_ratio": 76.88
      },
      {
        "fiscal_year": "2012/03",
        "sales": 120600.0,
        "operating_profit": 15600.0,
        "ordinary_profit": 17700.0,
        "net_profit": 7450.0,
        "eps": 3110.0,
        "roe": 79.29,
        "roa": 3.6,
        "operating_margin": 2.99,
        "cost_ratio": 12.93,
        "sga_ratio": 78.05
      },
      {
        "fiscal_year": "2013/03",
        "sales": 117700.0,
        "operating_profit": 15400.0,
        "ordinary_profit": 17600.0,
        "net_profit": 10600.0,
        "eps": 15500.0,
        "roe": 112.95,
        "roa": 4.9,
        "operating_margin": 3.91,
        "cost_ratio": 13.1,
        "sga_ratio": 77.73
      },
      {
        "fiscal_year": "2014/03",
        "sales": 136500.0,
        "operating_profit": 20100.0,
        "ordinary_profit": 22600.0,
        "net_profit": 13700.0,
        "eps": 23400.0,
        "roe": 162.25,
        "roa": 5.92,
        "operating_margin": 4.58,
        "cost_ratio": 14.71,
        "sga_ratio": 76.58
      },
      {
        "fiscal_year": "2015/03",
        "sales": 152700.0,
        "operating_profit": 17700.0,
        "ordinary_profit": 19900.0,
        "net_profit": 9300.0,
        "eps": 17300.0,
        "roe": 109.75,
        "roa": 3.82,
        "operating_margin": 2.89,
        "cost_ratio": 11.62,
        "sga_ratio": 80.04
      },
      {
        "fiscal_year": "2016/03",
        "sales": 145000.0,
        "operating_profit": 17000.0,
        "ordinary_profit": 18900.0,
        "net_profit": 11200.0,
        "eps": 65.0,
        "roe": 133.7,
        "roa": 4.82,
        "operating_margin": 3.79,
        "cost_ratio": 11.75,
        "sga_ratio": 79.31
      },
      {
        "fiscal_year": "2017/03",
        "sales": 137300.0,
        "operating_profit": 24500.0,
        "ordinary_profit": 26200.0,
        "net_profit": 17700.0,
        "eps": 23900.0,
        "roe": 214.09,
        "roa": 7.12,
        "operating_margin": 5.78,
        "cost_ratio": 17.85,
        "sga_ratio": 72.96
      },
      {
        "fiscal_year": "2018/03",
        "sales": 156300.0,
        "operating_profit": 20800.0,
        "ordinary_profit": 23000.0,
        "net_profit": 15800.0,
        "eps": 17200.0,
        "roe": 190.67,
        "roa": 6.1,
        "operating_margin": 5.0,
        "cost_ratio": 13.33,
        "sga_ratio": 78.27
      },
      {
        "fiscal_year": "2019/03",
        "sales": 167400.0,
        "operating_profit": 19300.0,
        "ordinary_profit": 21600.0,
        "net_profit": 14300.0,
        "eps": 12400.0,
        "roe": 172.25,
        "roa": 5.4,
        "operating_margin": 4.44,
        "cost_ratio": 11.51,
        "sga_ratio": 80.32
      },
      {
        "fiscal_year": "2020/03",
        "sales": 154900.0,
        "operating_profit": 14700.0,
        "ordinary_profit": 17100.0,
        "net_profit": 6350.0,
        "eps": -405.99999999999994,
        "roe": 76.78,
        "roa": 2.47,
        "operating_margin": 2.05,
        "cost_ratio": 9.5,
        "sga_ratio": 81.7
      },
      {
        "fiscal_year": "2021/03",
        "sales": 161100.0,
        "operating_profit": 18300.0,
        "ordinary_profit": 20600.0,
        "net_profit": 13900.0,
        "eps": 21800.0,
        "roe": 167.94,
        "roa": 5.15,
        "operating_margin": 4.2,
        "cost_ratio": 11.38,
        "sga_ratio": 80.19
      },
      {
        "fiscal_year": "2022/03",
        "sales": 224200.0,
        "operating_profit": 36300.0,
        "ordinary_profit": 38500.0,
        "net_profit": 27800.0,
        "eps": 43200.0,
        "roe": 340.82,
        "roa": 9.33,
        "operating_margin": 7.5,
        "cost_ratio": 16.18,
        "sga_ratio": 76.93
      },
      {
        "fiscal_year": "2023/03",
        "sales": 273400.0,
        "operating_profit": 30000.0,
        "ordinary_profit": 34400.0,
        "net_profit": 24200.0,
        "eps": 28400.0,
        "roe": 303.37,
        "roa": 7.71,
        "operating_margin": 6.15,
        "cost_ratio": 10.98,
        "sga_ratio": 82.92
      },
      {
        "fiscal_year": "2024/03",
        "sales": 271300.0,
        "operating_profit": 34800.0,
        "ordinary_profit": 38400.0,
        "net_profit": 26100.0,
        "eps": 44200.0,
        "roe": 327.8,
        "roa": 7.53,
        "operating_margin": 6.08,
        "cost_ratio": 12.83,
        "sga_ratio": 80.28
      },
      {
        "fiscal_year": "2025/03",
        "sales": 258000.0,
        "operating_profit": 25200.0,
        "ordinary_profit": 27400.0,
        "net_profit": 17800.0,
        "roe": 219.28,
        "roa": 4.99,
        "operating_margin": 3.92,
        "cost_ratio": 9.77
      }
    ],
    "dividend_data": [
      {
        "fiscal_year": "2010/03",
        "total_dividend": 34.0,
        "dividend_yield": 1.79
      },
      {
        "fiscal_year": "2011/03",
        "total_dividend": 46.5,
        "dividend_yield": 2.26
      },
      {
        "fiscal_year": "2012/03",
        "total_dividend": 48.5,
        "dividend_yield": 2.51
      },
      {
        "fiscal_year": "2013/03",
        "total_dividend": 61.5,
        "dividend_yield": 2.78
      }
    ]
  },
  {
    "code": 5464,
    "name": "モリ工業",
    "annual_data": [
      {
        "date": "2010/03/31",
        "per": 10.03,
        "pbr": 0.55,
        "is_per_red": false,
        "is_pbr_red": false
      },
      {
        "date": "2011/03/31",
        "per": 7.5,
        "pbr": 0.74,
        "is_per_red": false,
        "is_pbr_red": false
      },
      {
        "date": "2012/03/30",
        "per": 7.23,
        "pbr": 0.5,
        "is_per_red": false,
        "is_pbr_red": false
      },
      {
        "date": "2013/03/29",
        "per": 14.12,
        "pbr": 0.47,
        "is_per_red": false,
        "is_pbr_red": false
      },
      {
        "date": "2014/03/31",
        "per": 6.43,
        "pbr": 0.54,
        "is_per_red": false,
        "is_pbr_red": false
      },
      {
        "date": "2015/03/31",
        "per": 7.42,
        "pbr": 0.56,
        "is_per_red": false,
        "is_pbr_red": false
      },
      {
        "date": "2016/03/31",
        "per": 7.09,
        "pbr": 0.4,
        "is_per_red": false,
        "is_pbr_red": false
      },
      {
        "date": "2017/03/31",
        "per": 8.13,
        "pbr": 0.54,
        "is_per_red": false,
        "is_pbr_red": false
      },
      {
        "date": "2018/03/30",
        "per": 6.81,
        "pbr": 0.69,
        "is_per_red": false,
        "is_pbr_red": false
      },
      {
        "date": "2019/03/29",
        "per": 5.47,
        "pbr": 0.48,
        "is_per_red": false,
        "is_pbr_red": false
      },
      {
        "date": "2020/03/31",
        "per": 6.62,
        "pbr": 0.49,
        "is_per_red": false,
        "is_pbr_red": false
      },
      {
        "date": "2021/03/31",
        "per": 8.39,
        "pbr": 0.49,
        "is_per_red": false,
        "is_pbr_red": false
      },
      {
        "date": "2022/03/31",
        "per": 4.65,
        "pbr": 0.43,
        "is_per_red": false,
        "is_pbr_red": false
      },
      {
        "date": "2023/03/31",
        "per": 5.08,
        "pbr": 0.53,
        "is_per_red": false,
        "is_pbr_red": false
      },
      {
        "date": "2024/03/29",
        "per": 10.98,
        "pbr": 0.91,
        "is_per_red": false,
        "is_pbr_red": false
      }
    ],
    "daily_data": [],
    "financial_data": [
      {
        "fiscal_year": "2009/03",
        "sales": 48300.0,
        "operating_profit": 548.0,
        "ordinary_profit": 425.0,
        "net_profit": -2990.0,
        "roa": -1,
        "operating_margin": -1,
        "cost_ratio": 1.13,
        "sga_ratio": 87.45
      },
      {
        "fiscal_year": "2010/03",
        "sales": 35900.0,
        "operating_profit": 1710.0000000000002,
        "ordinary_profit": 1650.0,
        "net_profit": 1200.0,
        "roe": 28.23,
        "roa": 5.47,
        "operating_margin": 2.89,
        "cost_ratio": 4.77,
        "sga_ratio": 80.87
      },
      {
        "fiscal_year": "2011/03",
        "sales": 41400.0,
        "operating_profit": 4040.0,
        "ordinary_profit": 3979.9999999999995,
        "net_profit": 2320.0,
        "eps": 2150.0,
        "roe": 54.68,
        "roa": 9.82,
        "operating_margin": 5.38,
        "cost_ratio": 9.77,
        "sga_ratio": 77.2
      },
      {
        "fiscal_year": "2012/03",
        "sales": 40600.0,
        "operating_profit": 2770.0,
        "ordinary_profit": 2790.0,
        "net_profit": 1730.0,
        "eps": 1660.0000000000002,
        "roe": 40.92,
        "roa": 6.97,
        "operating_margin": 4.13,
        "cost_ratio": 6.83,
        "sga_ratio": 80.25
      },
      {
        "fiscal_year": "2013/03",
        "sales": 37500.0,
        "operating_profit": 2260.0,
        "ordinary_profit": 2350.0,
        "net_profit": 855.0000000000001,
        "eps": 1150.0,
        "roe": 20.18,
        "roa": 3.36,
        "operating_margin": 2.02,
        "cost_ratio": 6.03,
        "sga_ratio": 79.72
      },
      {
        "fiscal_year": "2014/03",
        "sales": 39200.0,
        "operating_profit": 3300.0,
        "ordinary_profit": 3450.0,
        "net_profit": 2340.0,
        "eps": 2690.0,
        "roe": 56.5,
        "roa": 8.41,
        "operating_margin": 5.27,
        "cost_ratio": 8.43,
        "sga_ratio": 77.3
      },
      {
        "fiscal_year": "2015/03",
        "sales": 40300.0,
        "operating_profit": 3250.0,
        "ordinary_profit": 3500.0,
        "net_profit": 2320.0,
        "eps": 3260.0,
        "roe": 55.96,
        "roa": 7.58,
        "operating_margin": 4.93,
        "cost_ratio": 8.07,
        "sga_ratio": 78.06
      },
      {
        "fiscal_year": "2016/03",
        "sales": 39500.0,
        "operating_profit": 2260.0,
        "ordinary_profit": 2240.0,
        "net_profit": 1770.0,
        "eps": 1150.0,
        "roe": 42.89,
        "roa": 5.69,
        "operating_margin": 4.0,
        "cost_ratio": 5.73,
        "sga_ratio": 80.57
      },
      {
        "fiscal_year": "2017/03",
        "sales": 39000.0,
        "operating_profit": 4130.0,
        "ordinary_profit": 4280.0,
        "net_profit": 2220.0,
        "eps": 2410.0,
        "roe": 272.79,
        "roa": 6.72,
        "operating_margin": 4.77,
        "cost_ratio": 10.57,
        "sga_ratio": 76.13
      },
      {
        "fiscal_year": "2018/03",
        "sales": 42200.0,
        "operating_profit": 5170.0,
        "ordinary_profit": 5300.0,
        "net_profit": 3710.0,
        "eps": 3970.0000000000005,
        "roe": 460.21,
        "roa": 10.25,
        "operating_margin": 7.27,
        "cost_ratio": 12.25,
        "sga_ratio": 75.13
      },
      {
        "fiscal_year": "2019/03",
        "sales": 44000.0,
        "operating_profit": 4670.0,
        "ordinary_profit": 5050.0,
        "net_profit": 3410.0,
        "eps": 3060.0,
        "roe": 431.01,
        "roa": 8.87,
        "operating_margin": 6.37,
        "cost_ratio": 10.61,
        "sga_ratio": 76.84
      },
      {
        "fiscal_year": "2020/03",
        "sales": 42200.0,
        "operating_profit": 3810.0,
        "ordinary_profit": 3979.9999999999995,
        "net_profit": 2970.0,
        "eps": 2590.0,
        "roe": 376.88,
        "roa": 7.37,
        "operating_margin": 5.48,
        "cost_ratio": 9.03,
        "sga_ratio": 77.7
      },
      {
        "fiscal_year": "2021/03",
        "sales": 35100.0,
        "operating_profit": 2930.0,
        "ordinary_profit": 3429.9999999999995,
        "net_profit": 2480.0,
        "eps": 3310.0,
        "roe": 315.67,
        "roa": 5.78,
        "operating_margin": 4.41,
        "cost_ratio": 8.34,
        "sga_ratio": 76.89
      },
      {
        "fiscal_year": "2022/03",
        "sales": 43100.0,
        "operating_profit": 5680.0,
        "ordinary_profit": 6150.0,
        "net_profit": 4320.0,
        "eps": 4330.0,
        "roe": 551.45,
        "roa": 9.34,
        "operating_margin": 6.91,
        "cost_ratio": 13.19,
        "sga_ratio": 74.22
      },
      {
        "fiscal_year": "2023/03",
        "sales": 48700.0,
        "operating_profit": 6730.0,
        "ordinary_profit": 7180.0,
        "net_profit": 5290.0,
        "eps": 5510.0,
        "roe": 681.21,
        "roa": 10.44,
        "operating_margin": 8.04,
        "cost_ratio": 13.82,
        "sga_ratio": 75.22
      },
      {
        "fiscal_year": "2024/03",
        "sales": 47900.0,
        "operating_profit": 5900.0,
        "ordinary_profit": 6390.0,
        "net_profit": 4520.0,
        "eps": 5580.0,
        "roe": 582.02,
        "roa": 8.28,
        "operating_margin": 6.43,
        "cost_ratio": 12.31,
        "sga_ratio": 76.19
      },
      {
        "fiscal_year": "2025/03",
        "sales": 45000.0,
        "operating_profit": 4700.0,
        "ordinary_profit": 5000.0,
        "net_profit": 3500.0,
        "roe": 453.49,
        "roa": 6.37,
        "operating_margin": 5.0,
        "cost_ratio": 10.44
      }
    ],
    "dividend_data": [
      {
        "fiscal_year": "2010/03",
        "total_dividend": 5.0,
        "dividend_yield": 1.77
      },
      {
        "fiscal_year": "2011/03",
        "total_dividend": 9.0,
        "dividend_yield": 2.2
      },
      {
        "fiscal_year": "2012/03",
        "total_dividend": 9.0,
        "dividend_yield": 3.04
      },
      {
        "fiscal_year": "2013/03",
        "total_dividend": 9.0,
        "dividend_yield": 3.16
      }
    ]
  },
  {
    "code": 5471,
    "name": "大同特殊鋼",
    "annual_data": [
      {
        "date": "2010/03/31",
        "per": -1,
        "pbr": 1.08,
        "is_per_red": true,
        "is_pbr_red": false
      },
      {
        "date": "2011/03/31",
        "per": 8.97,
        "pbr": 1.16,
        "is_per_red": false,
        "is_pbr_red": false
      },
      {
        "date": "2012/03/30",
        "per": 11.0,
        "pbr": 1.26,
        "is_per_red": false,
        "is_pbr_red": false
      },
      {
        "date": "2013/03/29",
        "per": 20.17,
        "pbr": 1.05,
        "is_per_red": false,
        "is_pbr_red": false
      },
      {
        "date": "2014/03/31",
        "per": 17.71,
        "pbr": 0.96,
        "is_per_red": false,
        "is_pbr_red": false
      },
      {
        "date": "2015/03/31",
        "per": 21.51,
        "pbr": 0.91,
        "is_per_red": false,
        "is_pbr_red": false
      },
      {
        "date": "2016/03/31",
        "per": 24.97,
        "pbr": 0.72,
        "is_per_red": false,
        "is_pbr_red": false
      },
      {
        "date": "2017/03/31",
        "per": 13.73,
        "pbr": 0.87,
        "is_per_red": false,
        "is_pbr_red": false
      },
      {
        "date": "2018/03/30",
        "per": 9.7,
        "pbr": 0.82,
        "is_per_red": false,
        "is_pbr_red": false
      },
      {
        "date": "2019/03/29",
        "per": 8.78,
        "pbr": 0.65,
        "is_per_red": false,
        "is_pbr_red": false
      },
      {
        "date": "2020/03/31",
        "per": 13.5,
        "pbr": 0.54,
        "is_per_red": false,
        "is_pbr_red": false
      },
      {
        "date": "2021/03/31",
        "per": 48.23,
        "pbr": 0.72,
        "is_per_red": false,
        "is_pbr_red": false
      },
      {
        "date": "2022/03/31",
        "per": 5.85,
        "pbr": 0.45,
        "is_per_red": false,
        "is_pbr_red": false
      },
      {
        "date": "2023/03/31",
        "per": 6.11,
        "pbr": 0.56,
        "is_per_red": false,
        "is_pbr_red": false
      },
      {
        "date": "2024/03/29",
        "per": 12.67,
        "pbr": 0.81,
        "is_per_red": false,
        "is_pbr_red": false
      }
    ],
    "daily_data": [],
    "financial_data": [
      {
        "fiscal_year": "2008/03",
        "sales": 591400.0,
        "operating_profit": 38400.0,
        "ordinary_profit": 37500.0,
        "net_profit": 14200.0,
        "roa": 7.55,
        "operating_margin": 2.54,
        "cost_ratio": 6.5,
        "sga_ratio": 84.64
      },
      {
        "fiscal_year": "2009/03",
        "sales": 532700.0,
        "operating_profit": 9120.0,
        "ordinary_profit": 8530.0,
        "net_profit": -8150.0,
        "roa": -1,
        "operating_margin": -1,
        "cost_ratio": 1.71,
        "sga_ratio": 89.15
      },
      {
        "fiscal_year": "2010/03",
        "sales": 362500.0,
        "operating_profit": -14100.0,
        "ordinary_profit": -14000.0,
        "net_profit": -14600.0,
        "roe": -6.73,
        "roa": -1,
        "operating_margin": -1,
        "cost_ratio": -3.88,
        "sga_ratio": 92.04
      },
      {
        "fiscal_year": "2011/03",
        "sales": 472100.0,
        "operating_profit": 32700.0,
        "ordinary_profit": 31700.0,
        "net_profit": 23000.0,
        "eps": 23300.0,
        "roe": 10.59,
        "roa": 12.9,
        "operating_margin": 4.68,
        "cost_ratio": 6.93,
        "sga_ratio": 83.08
      },
      {
        "fiscal_year": "2012/03",
        "sales": 489200.0,
        "operating_profit": 31500.0,
        "ordinary_profit": 31800.0,
        "net_profit": 22700.0,
        "eps": 25300.0,
        "roe": 10.46,
        "roa": 11.44,
        "operating_margin": 4.43,
        "cost_ratio": 6.45,
        "sga_ratio": 83.54
      },
      {
        "fiscal_year": "2013/03",
        "sales": 440400.0,
        "operating_profit": 15400.0,
        "ordinary_profit": 16500.0,
        "net_profit": 11000.0,
        "eps": 18200.0,
        "roe": 5.06,
        "roa": 5.18,
        "operating_margin": 2.15,
        "cost_ratio": 3.5,
        "sga_ratio": 85.78
      },
      {
        "fiscal_year": "2014/03",
        "sales": 457700.0,
        "operating_profit": 19000.0,
        "ordinary_profit": 20300.0,
        "net_profit": 12600.0,
        "eps": 22600.0,
        "roe": 5.82,
        "roa": 5.43,
        "operating_margin": 2.26,
        "cost_ratio": 4.15,
        "sga_ratio": 85.29
      },
      {
        "fiscal_year": "2015/03",
        "sales": 483600.0,
        "operating_profit": 20400.0,
        "ordinary_profit": 21700.0,
        "net_profit": 10900.0,
        "eps": 31100.0,
        "roe": 5.02,
        "roa": 4.25,
        "operating_margin": 1.85,
        "cost_ratio": 4.22,
        "sga_ratio": 85.51
      },
      {
        "fiscal_year": "2016/03",
        "sales": 460600.0,
        "operating_profit": 24400.0,
        "ordinary_profit": 25100.0,
        "net_profit": 6750.0,
        "eps": -15200.0,
        "roe": 3.12,
        "roa": 2.9,
        "operating_margin": 1.26,
        "cost_ratio": 5.3,
        "sga_ratio": 83.84
      },
      {
        "fiscal_year": "2017/03",
        "sales": 445100.0,
        "operating_profit": 25500.0,
        "ordinary_profit": 26400.0,
        "net_profit": 16400.0,
        "eps": 29700.0,
        "roe": 7.72,
        "roa": 6.31,
        "operating_margin": 2.85,
        "cost_ratio": 5.73,
        "sga_ratio": 82.38
      },
      {
        "fiscal_year": "2018/03",
        "sales": 505200.0,
        "operating_profit": 36200.0,
        "ordinary_profit": 36100.0,
        "net_profit": 23900.0,
        "eps": 32900.0,
        "roe": 112.21,
        "roa": 8.41,
        "operating_margin": 3.73,
        "cost_ratio": 7.17,
        "sga_ratio": 81.69
      },
      {
        "fiscal_year": "2019/03",
        "sales": 543300.0,
        "operating_profit": 33800.0,
        "ordinary_profit": 34300.0,
        "net_profit": 21200.0,
        "eps": 8870.0,
        "roe": 99.38,
        "roa": 7.42,
        "operating_margin": 3.26,
        "cost_ratio": 6.22,
        "sga_ratio": 83.16
      },
      {
        "fiscal_year": "2020/03",
        "sales": 490400.0,
        "operating_profit": 24800.0,
        "ordinary_profit": 24300.0,
        "net_profit": 11000.0,
        "eps": -8890.0,
        "roe": 51.55,
        "roa": 4.02,
        "operating_margin": 1.76,
        "cost_ratio": 5.05,
        "sga_ratio": 83.48
      },
      {
        "fiscal_year": "2021/03",
        "sales": 412700.0,
        "operating_profit": 10100.0,
        "ordinary_profit": 12600.0,
        "net_profit": 4520.0,
        "eps": 32400.0,
        "roe": 21.19,
        "roa": 1.49,
        "operating_margin": 0.68,
        "cost_ratio": 2.44,
        "sga_ratio": 85.17
      },
      {
        "fiscal_year": "2022/03",
        "sales": 529700.0,
        "operating_profit": 37000.0,
        "ordinary_profit": 39200.0,
        "net_profit": 26900.0,
        "eps": 34200.0,
        "roe": 126.18,
        "roa": 7.66,
        "operating_margin": 3.69,
        "cost_ratio": 6.98,
        "sga_ratio": 82.61
      },
      {
        "fiscal_year": "2023/03",
        "sales": 579000.0,
        "operating_profit": 50000.0,
        "ordinary_profit": 48100.0,
        "net_profit": 36300.0,
        "eps": 44700.0,
        "roe": 170.32,
        "roa": 9.17,
        "operating_margin": 4.7,
        "cost_ratio": 8.64,
        "sga_ratio": 82.22
      },
      {
        "fiscal_year": "2024/03",
        "sales": 578600.0,
        "operating_profit": 42300.0,
        "ordinary_profit": 45000.0,
        "net_profit": 30600.0,
        "eps": 70200.0,
        "roe": 143.37,
        "roa": 6.42,
        "operating_margin": 3.87,
        "cost_ratio": 7.3,
        "sga_ratio": 83.07
      },
      {
        "fiscal_year": "2025/03",
        "sales": 580000.0,
        "operating_profit": 40000.0,
        "net_profit": 28000.0,
        "roe": 131.31,
        "roa": 6.62,
        "operating_margin": 3.53,
        "cost_ratio": 6.9
      }
    ],
    "dividend_data": [
      {
        "fiscal_year": "2010/03",
        "total_dividend": 2.0,
        "dividend_yield": 0.4
      },
      {
        "fiscal_year": "2011/03",
        "total_dividend": 7.0,
        "dividend_yield": 1.4
      },
      {
        "fiscal_year": "2012/03",
        "total_dividend": 7.5,
        "dividend_yield": 1.5
      },
      {
        "fiscal_year": "2013/03",
        "total_dividend": 4.5,
        "dividend_yield": 0.9
      }
    ]
  },
  {
    "code": 5476,
    "name": "日本高周波鋼業",
    "annual_data": [
      {
        "date": "2010/03/31",
        "per": -1,
        "pbr": 0.85,
        "is_per_red": true,
        "is_pbr_red": false
      },
      {
        "date": "2011/03/31",
        "per": 18.63,
        "pbr": 0.84,
        "is_per_red": false,
        "is_pbr_red": false
      },
      {
        "date": "2012/03/30",
        "per": 24.4,
        "pbr": 0.79,
        "is_per_red": false,
        "is_pbr_red": false
      },
      {
        "date": "2013/03/29",
        "per": -1,
        "pbr": 0.73,
        "is_per_red": true,
        "is_pbr_red": false
      },
      {
        "date": "2014/03/31",
        "per": -1,
        "pbr": 0.87,
        "is_per_red": true,
        "is_pbr_red": false
      },
      {
        "date": "2015/03/31",
        "per": 11.74,
        "pbr": 0.88,
        "is_per_red": false,
        "is_pbr_red": false
      },
      {
        "date": "2016/03/31",
        "per": 10.65,
        "pbr": 0.57,
        "is_per_red": false,
        "is_pbr_red": false
      },
      {
        "date": "2017/03/31",
        "per": 18.11,
        "pbr": 0.62,
        "is_per_red": false,
        "is_pbr_red": false
      },
      {
        "date": "2018/03/30",
        "per": 13.87,
        "pbr": 0.57,
        "is_per_red": false,
        "is_pbr_red": false
      },
      {
        "date": "2019/03/29",
        "per": 31.23,
        "pbr": 0.37,
        "is_per_red": false,
        "is_pbr_red": false
      },
      {
        "date": "2020/03/31",
        "per": -1,
        "pbr": 0.26,
        "is_per_red": true,
        "is_pbr_red": false
      },
      {
        "date": "2021/03/31",
        "per": -1,
        "pbr": 0.44,
        "is_per_red": true,
        "is_pbr_red": false
      },
      {
        "date": "2022/03/31",
        "per": 12.37,
        "pbr": 0.34,
        "is_per_red": false,
        "is_pbr_red": false
      },
      {
        "date": "2023/03/31",
        "per": -1,
        "pbr": 0.36,
        "is_per_red": true,
        "is_pbr_red": false
      },
      {
        "date": "2024/03/29",
        "per": 1.19,
        "pbr": 0.36,
        "is_per_red": false,
        "is_pbr_red": false
      }
    ],
    "daily_data": [],
    "financial_data": [
      {
        "fiscal_year": "2008/03",
        "sales": 53400.0,
        "operating_profit": 2690.0,
        "ordinary_profit": 2500.0,
        "net_profit": 1860.0000000000002,
        "roa": 8.47,
        "operating_margin": 3.75,
        "cost_ratio": 5.03,
        "sga_ratio": 86.74
      },
      {
        "fiscal_year": "2009/03",
        "sales": 48700.0,
        "operating_profit": -134.0,
        "ordinary_profit": -224.00000000000003,
        "net_profit": -1560.0,
        "roa": -1,
        "operating_margin": -1,
        "cost_ratio": -0.27,
        "sga_ratio": 91.44
      },
      {
        "fiscal_year": "2010/03",
        "sales": 29700.0,
        "operating_profit": -1880.0,
        "ordinary_profit": -2000.0,
        "net_profit": -2039.9999999999998,
        "roe": -13.91,
        "roa": -1,
        "operating_margin": -1,
        "cost_ratio": -6.32,
        "sga_ratio": 95.39
      },
      {
        "fiscal_year": "2011/03",
        "sales": 39800.0,
        "operating_profit": 851.0,
        "ordinary_profit": 847.0000000000001,
        "net_profit": 827.9999999999999,
        "eps": 807.0,
        "roe": 5.64,
        "roa": 4.52,
        "operating_margin": 1.98,
        "cost_ratio": 2.14,
        "sga_ratio": 89.27
      },
      {
        "fiscal_year": "2012/03",
        "sales": 42400.0,
        "operating_profit": 691.0,
        "ordinary_profit": 731.0,
        "net_profit": 614.0,
        "eps": 901.0,
        "roe": 4.18,
        "roa": 3.23,
        "operating_margin": 1.47,
        "cost_ratio": 1.63,
        "sga_ratio": 89.84
      },
      {
        "fiscal_year": "2013/03",
        "sales": 38000.0,
        "operating_profit": -436.00000000000006,
        "ordinary_profit": -394.0,
        "net_profit": -727.0,
        "eps": -714.0,
        "roe": -4.95,
        "roa": -1,
        "operating_margin": -1,
        "cost_ratio": -1.15,
        "sga_ratio": 91.5
      },
      {
        "fiscal_year": "2014/03",
        "sales": 38600.0,
        "operating_profit": -822.0000000000001,
        "ordinary_profit": -852.0,
        "net_profit": -1190.0,
        "eps": -1150.0,
        "roe": -8.12,
        "roa": -1,
        "operating_margin": -1,
        "cost_ratio": -2.13,
        "sga_ratio": 92.69
      },
      {
        "fiscal_year": "2015/03",
        "sales": 40800.0,
        "operating_profit": 1250.0,
        "ordinary_profit": 1330.0,
        "net_profit": 1400.0,
        "eps": 1650.0,
        "roe": 9.54,
        "roa": 7.49,
        "operating_margin": 3.42,
        "cost_ratio": 3.06,
        "sga_ratio": 87.6
      },
      {
        "fiscal_year": "2016/03",
        "sales": 38300.0,
        "operating_profit": 1330.0,
        "ordinary_profit": 1480.0,
        "net_profit": 1050.0,
        "eps": 1110.0,
        "roe": 7.14,
        "roa": 5.37,
        "operating_margin": 2.62,
        "cost_ratio": 3.48,
        "sga_ratio": 86.57
      },
      {
        "fiscal_year": "2017/03",
        "sales": 36300.0,
        "operating_profit": 671.0,
        "ordinary_profit": 836.0,
        "net_profit": 688.0,
        "eps": 806.0,
        "roe": 4.69,
        "roa": 3.43,
        "operating_margin": 1.7,
        "cost_ratio": 1.85,
        "sga_ratio": 87.42
      },
      {
        "fiscal_year": "2018/03",
        "sales": 39400.0,
        "operating_profit": 1150.0,
        "ordinary_profit": 1280.0,
        "net_profit": 856.0,
        "eps": 984.0,
        "roe": 58.4,
        "roa": 4.11,
        "operating_margin": 1.93,
        "cost_ratio": 2.91,
        "sga_ratio": 86.7
      },
      {
        "fiscal_year": "2019/03",
        "sales": 41300.0,
        "operating_profit": 748.0,
        "ordinary_profit": 846.0000000000001,
        "net_profit": 244.0,
        "eps": 85.0,
        "roe": 16.65,
        "roa": 1.18,
        "operating_margin": 0.51,
        "cost_ratio": 1.81,
        "sga_ratio": 87.84
      },
      {
        "fiscal_year": "2020/03",
        "sales": 37300.0,
        "operating_profit": -5.0,
        "ordinary_profit": 62.0,
        "net_profit": -49.0,
        "eps": 734.0,
        "roe": -3.34,
        "roa": -1,
        "operating_margin": -1,
        "cost_ratio": -0.01,
        "sga_ratio": 89.11
      },
      {
        "fiscal_year": "2021/03",
        "sales": 31500.0,
        "operating_profit": -2070.0,
        "ordinary_profit": -1760.0000000000002,
        "net_profit": -6450.0,
        "eps": -6360.0,
        "roe": -439.76,
        "roa": -1,
        "operating_margin": -1,
        "cost_ratio": -6.57,
        "sga_ratio": 95.03
      },
      {
        "fiscal_year": "2022/03",
        "sales": 41700.0,
        "operating_profit": 530.0,
        "ordinary_profit": 583.0,
        "net_profit": 417.0,
        "eps": 413.0,
        "roe": 28.45,
        "roa": 2.73,
        "operating_margin": 1.06,
        "cost_ratio": 1.27,
        "sga_ratio": 90.06
      },
      {
        "fiscal_year": "2023/03",
        "sales": 44600.0,
        "operating_profit": 821.0000000000001,
        "ordinary_profit": 866.0,
        "net_profit": -150.0,
        "eps": -122.0,
        "roe": -10.24,
        "roa": -1,
        "operating_margin": -1,
        "cost_ratio": 1.84,
        "sga_ratio": 90.0
      },
      {
        "fiscal_year": "2024/03",
        "sales": 36600.0,
        "operating_profit": -1639.9999999999998,
        "ordinary_profit": -1590.0,
        "net_profit": 6609.999999999999,
        "eps": 6709.999999999999,
        "roe": 451.19,
        "roa": 30.37,
        "operating_margin": 16.97,
        "cost_ratio": -4.47,
        "sga_ratio": 94.76
      },
      {
        "fiscal_year": "2025/03",
        "sales": 39000.0,
        "operating_profit": 150.0,
        "ordinary_profit": 200.0,
        "net_profit": 100.0,
        "roe": 6.82,
        "roa": 0.49,
        "operating_margin": 0.26,
        "cost_ratio": 0.38
      }
    ],
    "dividend_data": [
      {
        "fiscal_year": "2011/03",
        "total_dividend": 1.43
      },
      {
        "fiscal_year": "2012/03",
        "total_dividend": 1.47
      },
      {
        "fiscal_year": "2013/03",
        "total_dividend": 0.0
      }
    ]
  },
  {
    "code": 5480,
    "name": "日本冶金工業",
    "annual_data": [
      {
        "date": "2010/03/31",
        "per": -1,
        "pbr": 1.06,
        "is_per_red": true,
        "is_pbr_red": false
      },
      {
        "date": "2011/03/31",
        "per": -1,
        "pbr": 0.71,
        "is_per_red": true,
        "is_pbr_red": false
      },
      {
        "date": "2012/03/30",
        "per": 26.41,
        "pbr": 0.59,
        "is_per_red": false,
        "is_pbr_red": false
      },
      {
        "date": "2013/03/29",
        "per": -1,
        "pbr": 0.61,
        "is_per_red": true,
        "is_pbr_red": false
      },
      {
        "date": "2014/03/31",
        "per": 106.67,
        "pbr": 1.65,
        "is_per_red": false,
        "is_pbr_red": false
      },
      {
        "date": "2015/03/31",
        "per": 17.52,
        "pbr": 1.07,
        "is_per_red": false,
        "is_pbr_red": false
      },
      {
        "date": "2016/03/31",
        "per": 24.68,
        "pbr": 0.59,
        "is_per_red": false,
        "is_pbr_red": false
      },
      {
        "date": "2017/03/31",
        "per": 14.02,
        "pbr": 0.89,
        "is_per_red": false,
        "is_pbr_red": false
      },
      {
        "date": "2018/03/30",
        "per": 9.84,
        "pbr": 1.08,
        "is_per_red": false,
        "is_pbr_red": false
      },
      {
        "date": "2019/03/29",
        "per": 5.05,
        "pbr": 0.81,
        "is_per_red": false,
        "is_pbr_red": false
      },
      {
        "date": "2020/03/31",
        "per": 4.81,
        "pbr": 0.5,
        "is_per_red": false,
        "is_pbr_red": false
      },
      {
        "date": "2021/03/31",
        "per": 8.29,
        "pbr": 0.57,
        "is_per_red": false,
        "is_pbr_red": false
      },
      {
        "date": "2022/03/31",
        "per": 5.01,
        "pbr": 0.68,
        "is_per_red": false,
        "is_pbr_red": false
      },
      {
        "date": "2023/03/31",
        "per": 3.23,
        "pbr": 0.8,
        "is_per_red": false,
        "is_pbr_red": false
      },
      {
        "date": "2024/03/29",
        "per": 5.14,
        "pbr": 0.78,
        "is_per_red": false,
        "is_pbr_red": false
      }
    ],
    "daily_data": [],
    "financial_data": [
      {
        "fiscal_year": "2008/03",
        "sales": 248700.0,
        "operating_profit": 31100.0,
        "ordinary_profit": 29300.0,
        "net_profit": 17500.0,
        "roa": 25.55,
        "operating_margin": 9.11,
        "cost_ratio": 12.51,
        "sga_ratio": 81.98
      },
      {
        "fiscal_year": "2009/03",
        "sales": 163700.0,
        "operating_profit": -15200.0,
        "ordinary_profit": -16400.0,
        "net_profit": -11300.0,
        "roa": -1,
        "operating_margin": -1,
        "cost_ratio": -9.3,
        "sga_ratio": 101.41
      },
      {
        "fiscal_year": "2010/03",
        "sales": 97300.0,
        "operating_profit": -5310.0,
        "ordinary_profit": -6640.000000000001,
        "net_profit": -12600.0,
        "roe": -101.51,
        "roa": -1,
        "operating_margin": -1,
        "cost_ratio": -5.46,
        "sga_ratio": 94.11
      },
      {
        "fiscal_year": "2011/03",
        "sales": 138800.0,
        "operating_profit": 1030.0,
        "ordinary_profit": -438.99999999999994,
        "net_profit": -10500.0,
        "eps": -10700.0,
        "roe": -84.43,
        "roa": -1,
        "operating_margin": -1,
        "cost_ratio": 0.75,
        "sga_ratio": 91.35
      },
      {
        "fiscal_year": "2012/03",
        "sales": 134900.0,
        "operating_profit": 2650.0,
        "ordinary_profit": 1360.0,
        "net_profit": 839.0,
        "eps": 1100.0,
        "roe": 5.41,
        "roa": 2.22,
        "operating_margin": 0.56,
        "cost_ratio": 1.97,
        "sga_ratio": 90.29
      },
      {
        "fiscal_year": "2013/03",
        "sales": 108800.0,
        "operating_profit": -5380.0,
        "ordinary_profit": -6459.999999999999,
        "net_profit": -7370.0,
        "eps": -7259.999999999999,
        "roe": -47.52,
        "roa": -1,
        "operating_margin": -1,
        "cost_ratio": -4.95,
        "sga_ratio": 95.64
      },
      {
        "fiscal_year": "2014/03",
        "sales": 119900.0,
        "operating_profit": 1820.0,
        "ordinary_profit": 613.0,
        "net_profit": 480.0,
        "eps": 538.0,
        "roe": 3.1,
        "roa": 1.55,
        "operating_margin": 0.35,
        "cost_ratio": 1.52,
        "sga_ratio": 90.24
      },
      {
        "fiscal_year": "2015/03",
        "sales": 129500.0,
        "operating_profit": 2320.0,
        "ordinary_profit": 1310.0,
        "net_profit": 2090.0,
        "eps": 2950.0,
        "roe": 13.52,
        "roa": 6.11,
        "operating_margin": 1.48,
        "cost_ratio": 1.79,
        "sga_ratio": 90.67
      },
      {
        "fiscal_year": "2016/03",
        "sales": 121000.0,
        "operating_profit": 1889.9999999999998,
        "ordinary_profit": 524.0,
        "net_profit": 821.0000000000001,
        "eps": -104.0,
        "roe": 5.31,
        "roa": 2.4,
        "operating_margin": 0.61,
        "cost_ratio": 1.56,
        "sga_ratio": 90.48
      },
      {
        "fiscal_year": "2017/03",
        "sales": 113000.0,
        "operating_profit": 4350.0,
        "ordinary_profit": 2850.0,
        "net_profit": 2350.0,
        "eps": 2970.0,
        "roe": 15.19,
        "roa": 6.37,
        "operating_margin": 1.73,
        "cost_ratio": 3.85,
        "sga_ratio": 87.36
      },
      {
        "fiscal_year": "2018/03",
        "sales": 119100.0,
        "operating_profit": 4170.0,
        "ordinary_profit": 3390.0,
        "net_profit": 4580.0,
        "eps": 5330.0,
        "roe": 29.58,
        "roa": 10.94,
        "operating_margin": 3.1,
        "cost_ratio": 3.5,
        "sga_ratio": 87.78
      },
      {
        "fiscal_year": "2019/03",
        "sales": 143700.0,
        "operating_profit": 9440.0,
        "ordinary_profit": 8180.0,
        "net_profit": 7690.000000000001,
        "eps": 7190.000000000001,
        "roe": 49.7,
        "roa": 16.03,
        "operating_margin": 5.12,
        "cost_ratio": 6.57,
        "sga_ratio": 85.13
      },
      {
        "fiscal_year": "2020/03",
        "sales": 136400.0,
        "operating_profit": 7840.000000000001,
        "ordinary_profit": 6340.0,
        "net_profit": 5330.0,
        "eps": 4710.0,
        "roe": 350.09,
        "roa": 10.42,
        "operating_margin": 3.36,
        "cost_ratio": 5.75,
        "sga_ratio": 85.68
      },
      {
        "fiscal_year": "2021/03",
        "sales": 112500.0,
        "operating_profit": 6150.0,
        "ordinary_profit": 4990.0,
        "net_profit": 3760.0,
        "eps": 4660.0,
        "roe": 247.83,
        "roa": 6.83,
        "operating_margin": 2.33,
        "cost_ratio": 5.46,
        "sga_ratio": 84.84
      },
      {
        "fiscal_year": "2022/03",
        "sales": 148900.0,
        "operating_profit": 14000.0,
        "ordinary_profit": 12800.0,
        "net_profit": 8470.0,
        "eps": 8350.0,
        "roe": 561.24,
        "roa": 13.63,
        "operating_margin": 4.52,
        "cost_ratio": 9.38,
        "sga_ratio": 82.6
      },
      {
        "fiscal_year": "2023/03",
        "sales": 199300.0,
        "operating_profit": 29300.0,
        "ordinary_profit": 27700.0,
        "net_profit": 19700.0,
        "eps": 20000.0,
        "roe": 1316.81,
        "roa": 24.75,
        "operating_margin": 8.86,
        "cost_ratio": 14.68,
        "sga_ratio": 78.95
      },
      {
        "fiscal_year": "2024/03",
        "sales": 180300.0,
        "operating_profit": 20000.0,
        "ordinary_profit": 19100.0,
        "net_profit": 13600.0,
        "eps": 15200.0,
        "roe": 933.65,
        "roa": 15.15,
        "operating_margin": 6.17,
        "cost_ratio": 11.1,
        "sga_ratio": 81.5
      },
      {
        "fiscal_year": "2025/03",
        "sales": 173000.0,
        "operating_profit": 18000.0,
        "ordinary_profit": 17000.0,
        "net_profit": 12000.0,
        "roe": 852.03,
        "roa": 13.03,
        "operating_margin": 5.52,
        "cost_ratio": 10.4
      }
    ],
    "dividend_data": [
      {
        "fiscal_year": "2013/03",
        "total_dividend": 0.0,
        "dividend_yield": 0.0
      }
    ]
  },
  {
    "code": 5481,
    "name": "山陽特殊製鋼",
    "annual_data": [
      {
        "date": "2010/03/31",
        "per": -1,
        "pbr": 0.78,
        "is_per_red": true,
        "is_pbr_red": false
      },
      {
        "date": "2011/03/31",
        "per": 9.49,
        "pbr": 0.8,
        "is_per_red": false,
        "is_pbr_red": false
      },
      {
        "date": "2012/03/30",
        "per": 11.71,
        "pbr": 0.78,
        "is_per_red": false,
        "is_pbr_red": false
      },
      {
        "date": "2013/03/29",
        "per": 109.0,
        "pbr": 0.57,
        "is_per_red": false,
        "is_pbr_red": false
      },
      {
        "date": "2014/03/31",
        "per": 17.18,
        "pbr": 0.68,
        "is_per_red": false,
        "is_pbr_red": false
      },
      {
        "date": "2015/03/31",
        "per": 12.42,
        "pbr": 0.72,
        "is_per_red": false,
        "is_pbr_red": false
      },
      {
        "date": "2016/03/31",
        "per": 11.17,
        "pbr": 0.74,
        "is_per_red": false,
        "is_pbr_red": false
      },
      {
        "date": "2017/03/31",
        "per": 12.24,
        "pbr": 0.78,
        "is_per_red": false,
        "is_pbr_red": false
      },
      {
        "date": "2018/03/30",
        "per": 12.23,
        "pbr": 0.67,
        "is_per_red": false,
        "is_pbr_red": false
      },
      {
        "date": "2019/03/29",
        "per": 9.54,
        "pbr": 0.65,
        "is_per_red": false,
        "is_pbr_red": false
      },
      {
        "date": "2020/03/31",
        "per": -1,
        "pbr": 0.3,
        "is_per_red": true,
        "is_pbr_red": false
      },
      {
        "date": "2021/03/31",
        "per": -1,
        "pbr": 0.5,
        "is_per_red": true,
        "is_pbr_red": false
      },
      {
        "date": "2022/03/31",
        "per": 7.58,
        "pbr": 0.59,
        "is_per_red": false,
        "is_pbr_red": false
      },
      {
        "date": "2023/03/31",
        "per": 6.44,
        "pbr": 0.62,
        "is_per_red": false,
        "is_pbr_red": false
      },
      {
        "date": "2024/03/29",
        "per": 13.53,
        "pbr": 0.54,
        "is_per_red": false,
        "is_pbr_red": false
      }
    ],
    "daily_data": [],
    "financial_data": [
      {
        "fiscal_year": "2008/03",
        "sales": 168400.0,
        "operating_profit": 13900.0,
        "ordinary_profit": 13000.0,
        "net_profit": 7230.0,
        "roa": 7.86,
        "operating_margin": 4.59,
        "cost_ratio": 8.25,
        "sga_ratio": 84.69
      },
      {
        "fiscal_year": "2009/03",
        "sales": 162700.0,
        "operating_profit": 5150.0,
        "ordinary_profit": 4800.0,
        "net_profit": -1019.9999999999999,
        "roa": -1,
        "operating_margin": -1,
        "cost_ratio": 3.16,
        "sga_ratio": 90.21
      },
      {
        "fiscal_year": "2010/03",
        "sales": 95500.0,
        "operating_profit": -3950.0,
        "ordinary_profit": -3629.9999999999995,
        "net_profit": -2580.0,
        "roe": -15.46,
        "roa": -1,
        "operating_margin": -1,
        "cost_ratio": -4.13,
        "sga_ratio": 94.67
      },
      {
        "fiscal_year": "2011/03",
        "sales": 159500.0,
        "operating_profit": 14200.0,
        "ordinary_profit": 13400.0,
        "net_profit": 7820.0,
        "eps": 7009.999999999999,
        "roe": 46.8,
        "roa": 8.49,
        "operating_margin": 4.16,
        "cost_ratio": 8.9,
        "sga_ratio": 83.73
      },
      {
        "fiscal_year": "2012/03",
        "sales": 171800.0,
        "operating_profit": 11300.0,
        "ordinary_profit": 11000.0,
        "net_profit": 6409.999999999999,
        "eps": 6030.0,
        "roe": 38.34,
        "roa": 6.64,
        "operating_margin": 3.02,
        "cost_ratio": 6.61,
        "sga_ratio": 85.89
      },
      {
        "fiscal_year": "2013/03",
        "sales": 138300.0,
        "operating_profit": 1520.0,
        "ordinary_profit": 1670.0,
        "net_profit": 509.0,
        "eps": 1140.0,
        "roe": 3.05,
        "roa": 0.53,
        "operating_margin": 0.26,
        "cost_ratio": 1.1,
        "sga_ratio": 90.41
      },
      {
        "fiscal_year": "2014/03",
        "sales": 161600.0,
        "operating_profit": 6880.0,
        "ordinary_profit": 6750.0,
        "net_profit": 4070.0000000000005,
        "eps": 6809.999999999999,
        "roe": 25.2,
        "roa": 3.98,
        "operating_margin": 2.0,
        "cost_ratio": 4.26,
        "sga_ratio": 87.63
      },
      {
        "fiscal_year": "2015/03",
        "sales": 171500.0,
        "operating_profit": 9170.0,
        "ordinary_profit": 9740.0,
        "net_profit": 6550.0,
        "eps": 11200.0,
        "roe": 40.59,
        "roa": 5.8,
        "operating_margin": 3.24,
        "cost_ratio": 5.35,
        "sga_ratio": 86.85
      },
      {
        "fiscal_year": "2016/03",
        "sales": 149100.0,
        "operating_profit": 12200.0,
        "ordinary_profit": 11500.0,
        "net_profit": 7420.0,
        "eps": 1630.0,
        "roe": 46.0,
        "roa": 6.6,
        "operating_margin": 4.12,
        "cost_ratio": 8.17,
        "sga_ratio": 83.08
      },
      {
        "fiscal_year": "2017/03",
        "sales": 138700.0,
        "operating_profit": 11700.0,
        "ordinary_profit": 11700.0,
        "net_profit": 7780.0,
        "eps": 11800.0,
        "roe": 48.29,
        "roa": 6.36,
        "operating_margin": 4.24,
        "cost_ratio": 8.43,
        "sga_ratio": 81.42
      },
      {
        "fiscal_year": "2018/03",
        "sales": 157500.0,
        "operating_profit": 11000.0,
        "ordinary_profit": 10700.0,
        "net_profit": 7030.0,
        "eps": 7570.0,
        "roe": 218.33,
        "roa": 5.51,
        "operating_margin": 3.36,
        "cost_ratio": 6.97,
        "sga_ratio": 83.87
      },
      {
        "fiscal_year": "2019/03",
        "sales": 185800.0,
        "operating_profit": 10100.0,
        "ordinary_profit": 9440.0,
        "net_profit": 7720.0,
        "eps": 3090.0,
        "roe": 237.74,
        "roa": 3.95,
        "operating_margin": 2.06,
        "cost_ratio": 5.45,
        "sga_ratio": 85.71
      },
      {
        "fiscal_year": "2020/03",
        "sales": 262500.0,
        "operating_profit": -1420.0,
        "ordinary_profit": -1520.0,
        "net_profit": -3720.0000000000005,
        "eps": -13300.0,
        "roe": -67.14,
        "roa": -1,
        "operating_margin": -1,
        "cost_ratio": -0.54,
        "sga_ratio": 87.87
      },
      {
        "fiscal_year": "2021/03",
        "sales": 210700.0,
        "operating_profit": -5490.0,
        "ordinary_profit": -4760.0,
        "net_profit": -6870.0,
        "eps": -2310.0,
        "roe": -126.07,
        "roa": -1,
        "operating_margin": -1,
        "cost_ratio": -2.61,
        "sga_ratio": 89.19
      },
      {
        "fiscal_year": "2022/03",
        "sales": 363300.0,
        "operating_profit": 21400.0,
        "ordinary_profit": 21700.0,
        "net_profit": 15300.0,
        "eps": 21400.0,
        "roe": 280.18,
        "roa": 7.75,
        "operating_margin": 4.04,
        "cost_ratio": 5.9,
        "sga_ratio": 83.52
      },
      {
        "fiscal_year": "2023/03",
        "sales": 393800.0,
        "operating_profit": 28500.0,
        "ordinary_profit": 28900.0,
        "net_profit": 20700.0,
        "eps": 23000.0,
        "roe": 380.7,
        "roa": 9.68,
        "operating_margin": 5.17,
        "cost_ratio": 7.23,
        "sga_ratio": 82.97
      },
      {
        "fiscal_year": "2024/03",
        "sales": 353800.0,
        "operating_profit": 11400.0,
        "ordinary_profit": 12100.0,
        "net_profit": 9060.0,
        "eps": 19600.0,
        "roe": 166.21,
        "roa": 4.0,
        "operating_margin": 2.27,
        "cost_ratio": 3.21,
        "sga_ratio": 85.95
      },
      {
        "fiscal_year": "2025/03",
        "sales": 342000.0,
        "operating_profit": 13200.0,
        "ordinary_profit": 13000.0,
        "net_profit": 9500.0,
        "roe": 174.37,
        "roa": 4.21,
        "operating_margin": 2.45,
        "cost_ratio": 3.86
      }
    ],
    "dividend_data": [
      {
        "fiscal_year": "2011/03",
        "total_dividend": 10.0,
        "dividend_yield": 2.25
      },
      {
        "fiscal_year": "2012/03",
        "total_dividend": 9.0,
        "dividend_yield": 2.0
      },
      {
        "fiscal_year": "2013/03",
        "total_dividend": 2.0,
        "dividend_yield": 0.6
      },
      {
        "fiscal_year": "2014/03",
        "total_dividend": 5.0,
        "dividend_yield": 1.15
      },
      {
        "fiscal_year": "2015/03",
        "total_dividend": 10.0,
        "dividend_yield": 1.98
      },
      {
        "fiscal_year": "2016/03",
        "total_dividend": 12.0,
        "dividend_yield": 2.33
      }
    ]
  },
  {
    "code": 5482,
    "name": "愛知製鋼",
    "annual_data": [
      {
        "date": "2010/03/31",
        "per": 12.58,
        "pbr": 0.78,
        "is_per_red": false,
        "is_pbr_red": false
      },
      {
        "date": "2011/03/31",
        "per": 6.58,
        "pbr": 0.84,
        "is_per_red": false,
        "is_pbr_red": false
      },
      {
        "date": "2012/03/30",
        "per": 20.0,
        "pbr": 0.7,
        "is_per_red": false,
        "is_pbr_red": false
      },
      {
        "date": "2013/03/29",
        "per": 15.51,
        "pbr": 0.6,
        "is_per_red": false,
        "is_pbr_red": false
      },
      {
        "date": "2014/03/31",
        "per": 14.5,
        "pbr": 0.58,
        "is_per_red": false,
        "is_pbr_red": false
      },
      {
        "date": "2015/03/31",
        "per": 18.65,
        "pbr": 0.73,
        "is_per_red": false,
        "is_pbr_red": false
      },
      {
        "date": "2016/03/31",
        "per": 4323.53,
        "pbr": 0.62,
        "is_per_red": false,
        "is_pbr_red": false
      },
      {
        "date": "2017/03/31",
        "per": 17.15,
        "pbr": 0.61,
        "is_per_red": false,
        "is_pbr_red": false
      },
      {
        "date": "2018/03/30",
        "per": 10.49,
        "pbr": 0.57,
        "is_per_red": false,
        "is_pbr_red": false
      },
      {
        "date": "2019/03/29",
        "per": 10.4,
        "pbr": 0.44,
        "is_per_red": false,
        "is_pbr_red": false
      },
      {
        "date": "2020/03/31",
        "per": 7.25,
        "pbr": 0.34,
        "is_per_red": false,
        "is_pbr_red": false
      },
      {
        "date": "2021/03/31",
        "per": 23.3,
        "pbr": 0.34,
        "is_per_red": false,
        "is_pbr_red": false
      },
      {
        "date": "2022/03/31",
        "per": 43.49,
        "pbr": 0.21,
        "is_per_red": false,
        "is_pbr_red": false
      },
      {
        "date": "2023/03/31",
        "per": 28.67,
        "pbr": 0.23,
        "is_per_red": false,
        "is_pbr_red": false
      },
      {
        "date": "2024/03/29",
        "per": 11.93,
        "pbr": 0.31,
        "is_per_red": false,
        "is_pbr_red": false
      }
    ],
    "daily_data": [],
    "financial_data": [
      {
        "fiscal_year": "2008/03",
        "sales": 253500.0,
        "operating_profit": 10900.0,
        "ordinary_profit": 9330.0,
        "net_profit": 5690.0,
        "roa": 4.65,
        "operating_margin": 2.16,
        "cost_ratio": 4.29,
        "sga_ratio": 87.06
      },
      {
        "fiscal_year": "2009/03",
        "sales": 222100.0,
        "operating_profit": -482.0,
        "ordinary_profit": -1800.0,
        "net_profit": -14100.0,
        "roa": -1,
        "operating_margin": -1,
        "cost_ratio": -0.22,
        "sga_ratio": 90.97
      },
      {
        "fiscal_year": "2010/03",
        "sales": 174300.0,
        "operating_profit": 4310.0,
        "ordinary_profit": 3910.0,
        "net_profit": 6630.0,
        "roe": 33.31,
        "roa": 6.16,
        "operating_margin": 2.73,
        "cost_ratio": 2.47,
        "sga_ratio": 87.67
      },
      {
        "fiscal_year": "2011/03",
        "sales": 215500.0,
        "operating_profit": 14100.0,
        "ordinary_profit": 12900.0,
        "net_profit": 15200.0,
        "eps": 13400.0,
        "roe": 76.46,
        "roa": 12.81,
        "operating_margin": 6.33,
        "cost_ratio": 6.53,
        "sga_ratio": 84.56
      },
      {
        "fiscal_year": "2012/03",
        "sales": 227500.0,
        "operating_profit": 8460.0,
        "ordinary_profit": 7930.0,
        "net_profit": 4250.0,
        "eps": 4390.0,
        "roe": 21.35,
        "roa": 3.52,
        "operating_margin": 1.75,
        "cost_ratio": 3.72,
        "sga_ratio": 87.46
      },
      {
        "fiscal_year": "2013/03",
        "sales": 217300.0,
        "operating_profit": 7330.0,
        "ordinary_profit": 7930.0,
        "net_profit": 4900.0,
        "eps": 8370.0,
        "roe": 24.63,
        "roa": 3.88,
        "operating_margin": 2.06,
        "cost_ratio": 3.37,
        "sga_ratio": 87.32
      },
      {
        "fiscal_year": "2014/03",
        "sales": 237400.0,
        "operating_profit": 9630.0,
        "ordinary_profit": 9810.0,
        "net_profit": 5500.0,
        "eps": 11100.0,
        "roe": 27.99,
        "roa": 4.0,
        "operating_margin": 2.16,
        "cost_ratio": 4.05,
        "sga_ratio": 87.29
      },
      {
        "fiscal_year": "2015/03",
        "sales": 240600.0,
        "operating_profit": 10600.0,
        "ordinary_profit": 11100.0,
        "net_profit": 6020.0,
        "eps": 18900.0,
        "roe": 30.62,
        "roa": 3.93,
        "operating_margin": 2.28,
        "cost_ratio": 4.41,
        "sga_ratio": 86.44
      },
      {
        "fiscal_year": "2016/03",
        "sales": 214100.0,
        "operating_profit": 5880.0,
        "ordinary_profit": 5840.0,
        "net_profit": 20.0,
        "eps": -11800.0,
        "roe": 0.1,
        "roa": 0.01,
        "operating_margin": 0.01,
        "cost_ratio": 2.75,
        "sga_ratio": 86.97
      },
      {
        "fiscal_year": "2017/03",
        "sales": 212800.0,
        "operating_profit": 7220.0,
        "ordinary_profit": 6859.999999999999,
        "net_profit": 5080.0,
        "eps": 7330.0,
        "roe": 258.31,
        "roa": 3.55,
        "operating_margin": 1.87,
        "cost_ratio": 3.39,
        "sga_ratio": 83.93
      },
      {
        "fiscal_year": "2018/03",
        "sales": 236200.0,
        "operating_profit": 11800.0,
        "ordinary_profit": 11800.0,
        "net_profit": 8180.0,
        "eps": 11700.0,
        "roe": 415.68,
        "roa": 5.39,
        "operating_margin": 2.97,
        "cost_ratio": 5.0,
        "sga_ratio": 85.05
      },
      {
        "fiscal_year": "2019/03",
        "sales": 257300.0,
        "operating_profit": 11100.0,
        "ordinary_profit": 11300.0,
        "net_profit": 6500.0,
        "eps": 4170.0,
        "roe": 330.38,
        "roa": 4.26,
        "operating_margin": 2.24,
        "cost_ratio": 4.32,
        "sga_ratio": 86.36
      },
      {
        "fiscal_year": "2020/03",
        "sales": 242300.0,
        "operating_profit": 13900.0,
        "ordinary_profit": 13800.0,
        "net_profit": 8540.0,
        "eps": 4910.0,
        "roe": 434.03,
        "roa": 4.73,
        "operating_margin": 2.75,
        "cost_ratio": 5.74,
        "sga_ratio": 84.28
      },
      {
        "fiscal_year": "2021/03",
        "sales": 202200.0,
        "operating_profit": 5320.0,
        "ordinary_profit": 4250.0,
        "net_profit": 3140.0,
        "eps": 20900.0,
        "roe": 159.22,
        "roa": 1.47,
        "operating_margin": 0.89,
        "cost_ratio": 2.63,
        "sga_ratio": 86.53
      },
      {
        "fiscal_year": "2022/03",
        "sales": 260100.0,
        "operating_profit": 2140.0,
        "ordinary_profit": 3510.0,
        "net_profit": 1090.0,
        "eps": 9840.0,
        "roe": 55.25,
        "roa": 0.48,
        "operating_margin": 0.3,
        "cost_ratio": 0.82,
        "sga_ratio": 89.47
      },
      {
        "fiscal_year": "2023/03",
        "sales": 285100.0,
        "operating_profit": 3260.0,
        "net_profit": 1610.0000000000002,
        "eps": 3779.9999999999995,
        "roe": 81.63,
        "roa": 0.79,
        "operating_margin": 0.42,
        "cost_ratio": 1.14,
        "sga_ratio": 89.81
      },
      {
        "fiscal_year": "2024/03",
        "sales": 296500.0,
        "operating_profit": 10400.0,
        "net_profit": 6590.000000000001,
        "eps": 48400.0,
        "roe": 334.03,
        "roa": 2.63,
        "operating_margin": 1.49,
        "cost_ratio": 3.5,
        "sga_ratio": 86.83
      },
      {
        "fiscal_year": "2025/03",
        "sales": 300000.0,
        "operating_profit": 10000.0,
        "net_profit": 6400.0,
        "roe": 324.03,
        "roa": 2.52,
        "operating_margin": 1.48,
        "cost_ratio": 3.33
      }
    ],
    "dividend_data": [
      {
        "fiscal_year": "2010/03",
        "total_dividend": 8.5,
        "dividend_yield": 2.03
      },
      {
        "fiscal_year": "2011/03",
        "total_dividend": 10.0,
        "dividend_yield": 1.99
      },
      {
        "fiscal_year": "2012/03",
        "total_dividend": 10.0,
        "dividend_yield": 2.34
      },
      {
        "fiscal_year": "2013/03",
        "total_dividend": 10.0,
        "dividend_yield": 2.62
      }
    ]
  },
  {
    "code": 5484,
    "name": "東北特殊鋼",
    "annual_data": [
      {
        "date": "2010/03/31",
        "per": 6.99,
        "pbr": 0.48,
        "is_per_red": false,
        "is_pbr_red": false
      },
      {
        "date": "2011/03/31",
        "per": 6.66,
        "pbr": 0.46,
        "is_per_red": false,
        "is_pbr_red": false
      },
      {
        "date": "2012/03/30",
        "per": 5.12,
        "pbr": 0.48,
        "is_per_red": false,
        "is_pbr_red": false
      },
      {
        "date": "2013/03/29",
        "per": 11.38,
        "pbr": 0.5,
        "is_per_red": false,
        "is_pbr_red": false
      },
      {
        "date": "2014/03/31",
        "per": 9.46,
        "pbr": 0.51,
        "is_per_red": false,
        "is_pbr_red": false
      },
      {
        "date": "2015/03/31",
        "per": 9.89,
        "pbr": 0.6,
        "is_per_red": false,
        "is_pbr_red": false
      },
      {
        "date": "2016/03/31",
        "per": 19.26,
        "pbr": 0.4,
        "is_per_red": false,
        "is_pbr_red": false
      },
      {
        "date": "2017/03/31",
        "per": 6.71,
        "pbr": 0.57,
        "is_per_red": false,
        "is_pbr_red": false
      },
      {
        "date": "2018/03/30",
        "per": 7.88,
        "pbr": 0.71,
        "is_per_red": false,
        "is_pbr_red": false
      },
      {
        "date": "2019/03/29",
        "per": 6.56,
        "pbr": 0.47,
        "is_per_red": false,
        "is_pbr_red": false
      },
      {
        "date": "2020/03/31",
        "per": 6.45,
        "pbr": 0.4,
        "is_per_red": false,
        "is_pbr_red": false
      },
      {
        "date": "2021/03/31",
        "per": 29.05,
        "pbr": 0.51,
        "is_per_red": false,
        "is_pbr_red": false
      },
      {
        "date": "2022/03/31",
        "per": 10.93,
        "pbr": 0.5,
        "is_per_red": false,
        "is_pbr_red": false
      },
      {
        "date": "2023/03/30",
        "per": 11.78,
        "pbr": 0.5,
        "is_per_red": false,
        "is_pbr_red": false
      },
      {
        "date": "2024/03/29",
        "per": 14.8,
        "pbr": 0.52,
        "is_per_red": false,
        "is_pbr_red": false
      }
    ],
    "daily_data": [],
    "financial_data": [
      {
        "fiscal_year": "2008/03",
        "sales": 21400.0,
        "operating_profit": 2850.0,
        "ordinary_profit": 2920.0,
        "net_profit": 1789.9999999999998,
        "roa": 16.27,
        "operating_margin": 8.45,
        "cost_ratio": 13.3,
        "sga_ratio": 79.92
      },
      {
        "fiscal_year": "2009/03",
        "sales": 19300.0,
        "operating_profit": 1820.0,
        "ordinary_profit": 1910.0000000000002,
        "net_profit": 1450.0,
        "roa": 11.98,
        "operating_margin": 7.37,
        "cost_ratio": 9.4,
        "sga_ratio": 84.05
      },
      {
        "fiscal_year": "2010/03",
        "sales": 14900.0,
        "operating_profit": 1570.0,
        "ordinary_profit": 1590.0,
        "net_profit": 899.0,
        "roe": 119.06,
        "roa": 6.93,
        "operating_margin": 4.38,
        "cost_ratio": 10.51,
        "sga_ratio": 81.97
      },
      {
        "fiscal_year": "2011/03",
        "sales": 17300.0,
        "operating_profit": 2160.0,
        "ordinary_profit": 2210.0,
        "net_profit": 957.0,
        "eps": 940.0,
        "roe": 126.79,
        "roa": 6.94,
        "operating_margin": 4.38,
        "cost_ratio": 12.46,
        "sga_ratio": 80.44
      },
      {
        "fiscal_year": "2012/03",
        "sales": 18300.0,
        "operating_profit": 1880.0,
        "ordinary_profit": 1889.9999999999998,
        "net_profit": 1400.0,
        "eps": 1400.0,
        "roe": 185.34,
        "roa": 9.28,
        "operating_margin": 6.17,
        "cost_ratio": 10.27,
        "sga_ratio": 82.54
      },
      {
        "fiscal_year": "2013/03",
        "sales": 16700.0,
        "operating_profit": 991.0,
        "ordinary_profit": 1200.0,
        "net_profit": 696.0,
        "eps": 824.0,
        "roe": 92.24,
        "roa": 4.42,
        "operating_margin": 3.12,
        "cost_ratio": 5.92,
        "sga_ratio": 86.02
      },
      {
        "fiscal_year": "2014/03",
        "sales": 16900.0,
        "operating_profit": 1370.0,
        "ordinary_profit": 1480.0,
        "net_profit": 894.0,
        "eps": 911.0,
        "roe": 118.71,
        "roa": 5.39,
        "operating_margin": 3.86,
        "cost_ratio": 8.12,
        "sga_ratio": 84.0
      },
      {
        "fiscal_year": "2015/03",
        "sales": 18600.0,
        "operating_profit": 1870.0,
        "ordinary_profit": 2130.0,
        "net_profit": 1080.0,
        "eps": 1350.0,
        "roe": 143.53,
        "roa": 6.06,
        "operating_margin": 4.25,
        "cost_ratio": 10.06,
        "sga_ratio": 82.57
      },
      {
        "fiscal_year": "2016/03",
        "sales": 17800.0,
        "operating_profit": 1600.0,
        "ordinary_profit": 1530.0,
        "net_profit": 375.0,
        "eps": 174.0,
        "roe": 49.85,
        "roa": 2.1,
        "operating_margin": 1.51,
        "cost_ratio": 8.96,
        "sga_ratio": 83.31
      },
      {
        "fiscal_year": "2017/03",
        "sales": 18700.0,
        "operating_profit": 2270.0,
        "ordinary_profit": 2350.0,
        "net_profit": 1650.0,
        "eps": 1710.0000000000002,
        "roe": 219.1,
        "roa": 8.47,
        "operating_margin": 6.16,
        "cost_ratio": 12.11,
        "sga_ratio": 80.07
      },
      {
        "fiscal_year": "2018/03",
        "sales": 20400.0,
        "operating_profit": 2550.0,
        "ordinary_profit": 2670.0,
        "net_profit": 1910.0000000000002,
        "eps": 1870.0,
        "roe": 253.04,
        "roa": 9.01,
        "operating_margin": 7.15,
        "cost_ratio": 12.48,
        "sga_ratio": 79.2
      },
      {
        "fiscal_year": "2019/03",
        "sales": 20200.0,
        "operating_profit": 2190.0,
        "ordinary_profit": 2260.0,
        "net_profit": 1610.0000000000002,
        "eps": 1500.0,
        "roe": 213.38,
        "roa": 7.15,
        "operating_margin": 5.82,
        "cost_ratio": 10.83,
        "sga_ratio": 80.38
      },
      {
        "fiscal_year": "2020/03",
        "sales": 19500.0,
        "operating_profit": 1950.0,
        "ordinary_profit": 2000.0,
        "net_profit": 1460.0,
        "eps": 1310.0,
        "roe": 193.88,
        "roa": 6.19,
        "operating_margin": 5.07,
        "cost_ratio": 9.97,
        "sga_ratio": 81.42
      },
      {
        "fiscal_year": "2021/03",
        "sales": 16200.0,
        "operating_profit": 1350.0,
        "ordinary_profit": 1540.0,
        "net_profit": 426.99999999999994,
        "eps": 733.0,
        "roe": 56.73,
        "roa": 1.77,
        "operating_margin": 1.43,
        "cost_ratio": 8.33,
        "sga_ratio": 82.06
      },
      {
        "fiscal_year": "2022/03",
        "sales": 19900.0,
        "operating_profit": 2030.0,
        "ordinary_profit": 2140.0,
        "net_profit": 1150.0,
        "eps": 1320.0,
        "roe": 153.28,
        "roa": 4.56,
        "operating_margin": 3.7,
        "cost_ratio": 10.22,
        "sga_ratio": 80.4
      },
      {
        "fiscal_year": "2023/03",
        "sales": 21600.0,
        "operating_profit": 1300.0,
        "ordinary_profit": 1420.0,
        "net_profit": 1120.0,
        "eps": 1170.0,
        "roe": 148.53,
        "roa": 4.26,
        "operating_margin": 3.42,
        "cost_ratio": 6.02,
        "sga_ratio": 84.63
      },
      {
        "fiscal_year": "2024/03",
        "sales": 21300.0,
        "operating_profit": 1260.0,
        "ordinary_profit": 1380.0,
        "net_profit": 975.0,
        "eps": 1510.0,
        "roe": 129.44,
        "roa": 3.53,
        "operating_margin": 2.8,
        "cost_ratio": 5.92,
        "sga_ratio": 84.33
      },
      {
        "fiscal_year": "2025/03",
        "sales": 22600.0,
        "operating_profit": 1380.0,
        "ordinary_profit": 1480.0,
        "net_profit": 1170.0,
        "roe": 155.4,
        "roa": 4.21,
        "operating_margin": 3.45,
        "cost_ratio": 6.11
      }
    ],
    "dividend_data": [
      {
        "fiscal_year": "2010/03",
        "total_dividend": 14.0,
        "dividend_yield": 1.68
      },
      {
        "fiscal_year": "2011/03",
        "total_dividend": 18.0,
        "dividend_yield": 2.13
      },
      {
        "fiscal_year": "2012/03",
        "total_dividend": 16.0,
        "dividend_yield": 1.69
      },
      {
        "fiscal_year": "2013/03",
        "total_dividend": 11.0,
        "dividend_yield": 1.05
      }
    ]
  },
  {
    "code": 5491,
    "name": "日本金属",
    "annual_data": [
      {
        "date": "2010/03/31",
        "per": -1,
        "pbr": 0.85,
        "is_per_red": true,
        "is_pbr_red": false
      },
      {
        "date": "2011/03/31",
        "per": 11.27,
        "pbr": 0.67,
        "is_per_red": false,
        "is_pbr_red": false
      },
      {
        "date": "2012/03/30",
        "per": -1,
        "pbr": 0.67,
        "is_per_red": true,
        "is_pbr_red": false
      },
      {
        "date": "2013/03/29",
        "per": -1,
        "pbr": 0.05,
        "is_per_red": true,
        "is_pbr_red": false
      },
      {
        "date": "2014/03/31",
        "per": 34.48,
        "pbr": 0.56,
        "is_per_red": false,
        "is_pbr_red": false
      },
      {
        "date": "2015/03/31",
        "per": 15.46,
        "pbr": 0.56,
        "is_per_red": false,
        "is_pbr_red": false
      },
      {
        "date": "2016/03/31",
        "per": 10.16,
        "pbr": 0.42,
        "is_per_red": false,
        "is_pbr_red": false
      },
      {
        "date": "2017/03/31",
        "per": 7.15,
        "pbr": 0.54,
        "is_per_red": false,
        "is_pbr_red": false
      },
      {
        "date": "2018/03/30",
        "per": 6.68,
        "pbr": 0.78,
        "is_per_red": false,
        "is_pbr_red": false
      },
      {
        "date": "2019/03/29",
        "per": 8.91,
        "pbr": 0.38,
        "is_per_red": false,
        "is_pbr_red": false
      },
      {
        "date": "2020/03/31",
        "per": -1,
        "pbr": 0.2,
        "is_per_red": true,
        "is_pbr_red": false
      },
      {
        "date": "2021/03/31",
        "per": -1,
        "pbr": 0.38,
        "is_per_red": true,
        "is_pbr_red": false
      },
      {
        "date": "2022/03/31",
        "per": 3.78,
        "pbr": 0.41,
        "is_per_red": false,
        "is_pbr_red": false
      },
      {
        "date": "2023/03/31",
        "per": 6.99,
        "pbr": 0.26,
        "is_per_red": false,
        "is_pbr_red": false
      },
      {
        "date": "2024/03/29",
        "per": 3.72,
        "pbr": 0.21,
        "is_per_red": false,
        "is_pbr_red": false
      }
    ],
    "daily_data": [],
    "financial_data": [
      {
        "fiscal_year": "2008/03",
        "sales": 69300.0,
        "operating_profit": 3960.0,
        "ordinary_profit": 3310.0,
        "net_profit": 1760.0000000000002,
        "roa": 10.14,
        "operating_margin": 2.55,
        "cost_ratio": 5.71,
        "sga_ratio": 84.96
      },
      {
        "fiscal_year": "2009/03",
        "sales": 48900.0,
        "operating_profit": -1230.0,
        "ordinary_profit": -1860.0000000000002,
        "net_profit": -1700.0,
        "roa": -1,
        "operating_margin": -1,
        "cost_ratio": -2.52,
        "sga_ratio": 90.33
      },
      {
        "fiscal_year": "2010/03",
        "sales": 37800.0,
        "operating_profit": -739.0,
        "ordinary_profit": -1160.0,
        "net_profit": -739.0,
        "roe": -11.02,
        "roa": -1,
        "operating_margin": -1,
        "cost_ratio": -1.95,
        "sga_ratio": 88.79
      },
      {
        "fiscal_year": "2011/03",
        "sales": 44100.0,
        "operating_profit": 2470.0,
        "ordinary_profit": 2010.0000000000002,
        "net_profit": 886.0,
        "eps": 852.0,
        "roe": 13.22,
        "roa": 5.98,
        "operating_margin": 1.5,
        "cost_ratio": 5.6,
        "sga_ratio": 82.35
      },
      {
        "fiscal_year": "2012/03",
        "sales": 41600.0,
        "operating_profit": 530.0,
        "ordinary_profit": 138.0,
        "net_profit": -76.0,
        "eps": 385.0,
        "roe": -1.13,
        "roa": -1,
        "operating_margin": -1,
        "cost_ratio": 1.27,
        "sga_ratio": 85.97
      },
      {
        "fiscal_year": "2013/03",
        "sales": 38100.0,
        "operating_profit": 113.99999999999999,
        "ordinary_profit": -156.0,
        "net_profit": -327.0,
        "eps": -30.0,
        "roe": -48.84,
        "roa": -1,
        "operating_margin": -1,
        "cost_ratio": 0.3,
        "sga_ratio": 86.35
      },
      {
        "fiscal_year": "2014/03",
        "sales": 39200.0,
        "operating_profit": 451.99999999999994,
        "ordinary_profit": 127.0,
        "net_profit": 252.0,
        "eps": 478.0,
        "roe": 3.77,
        "roa": 1.63,
        "operating_margin": 0.44,
        "cost_ratio": 1.15,
        "sga_ratio": 86.42
      },
      {
        "fiscal_year": "2015/03",
        "sales": 44800.0,
        "operating_profit": 1320.0,
        "ordinary_profit": 943.0,
        "net_profit": 624.0,
        "eps": 2240.0,
        "roe": 9.32,
        "roa": 3.62,
        "operating_margin": 1.02,
        "cost_ratio": 2.94,
        "sga_ratio": 85.5
      },
      {
        "fiscal_year": "2016/03",
        "sales": 43500.0,
        "operating_profit": 846.0000000000001,
        "ordinary_profit": 923.0,
        "net_profit": 665.0,
        "eps": -993.0,
        "roe": 9.94,
        "roa": 4.1,
        "operating_margin": 1.14,
        "cost_ratio": 1.95,
        "sga_ratio": 86.24
      },
      {
        "fiscal_year": "2017/03",
        "sales": 44000.0,
        "operating_profit": 1780.0,
        "ordinary_profit": 1680.0,
        "net_profit": 1340.0,
        "eps": 1480.0,
        "roe": 200.6,
        "roa": 7.58,
        "operating_margin": 2.24,
        "cost_ratio": 4.04,
        "sga_ratio": 84.34
      },
      {
        "fiscal_year": "2018/03",
        "sales": 48400.0,
        "operating_profit": 3390.0,
        "ordinary_profit": 3390.0,
        "net_profit": 2390.0,
        "eps": 2990.0,
        "roe": 356.85,
        "roa": 11.71,
        "operating_margin": 3.76,
        "cost_ratio": 7.0,
        "sga_ratio": 81.97
      },
      {
        "fiscal_year": "2019/03",
        "sales": 49300.0,
        "operating_profit": 2580.0,
        "ordinary_profit": 2690.0,
        "net_profit": 908.0,
        "eps": 1019.9999999999999,
        "roe": 135.63,
        "roa": 4.28,
        "operating_margin": 1.47,
        "cost_ratio": 5.23,
        "sga_ratio": 83.71
      },
      {
        "fiscal_year": "2020/03",
        "sales": 45200.0,
        "operating_profit": 629.0,
        "ordinary_profit": 625.0,
        "net_profit": -197.0,
        "eps": -509.99999999999994,
        "roe": -29.43,
        "roa": -1,
        "operating_margin": -1,
        "cost_ratio": 1.39,
        "sga_ratio": 86.78
      },
      {
        "fiscal_year": "2021/03",
        "sales": 40100.0,
        "operating_profit": -2390.0,
        "ordinary_profit": -2450.0,
        "net_profit": -277.0,
        "eps": -27.0,
        "roe": -41.38,
        "roa": -1,
        "operating_margin": -1,
        "cost_ratio": -5.95,
        "sga_ratio": 93.87
      },
      {
        "fiscal_year": "2022/03",
        "sales": 49100.0,
        "operating_profit": 1440.0,
        "ordinary_profit": 1340.0,
        "net_profit": 2520.0,
        "eps": 2820.0,
        "roe": 375.99,
        "roa": 10.8,
        "operating_margin": 3.49,
        "cost_ratio": 2.93,
        "sga_ratio": 86.75
      },
      {
        "fiscal_year": "2023/03",
        "sales": 52600.0,
        "operating_profit": 1270.0,
        "ordinary_profit": 1280.0,
        "net_profit": 916.0,
        "eps": 1140.0,
        "roe": 136.83,
        "roa": 3.75,
        "operating_margin": 1.24,
        "cost_ratio": 2.42,
        "sga_ratio": 87.7
      },
      {
        "fiscal_year": "2024/03",
        "sales": 51400.0,
        "operating_profit": -1100.0,
        "ordinary_profit": -1260.0,
        "net_profit": 1550.0,
        "eps": 2200.0,
        "roe": 230.79,
        "roa": 5.75,
        "operating_margin": 2.06,
        "cost_ratio": -2.13,
        "sga_ratio": 91.7
      },
      {
        "fiscal_year": "2025/03",
        "sales": 53000.0,
        "operating_profit": -300.0,
        "ordinary_profit": -450.0,
        "net_profit": -500.0,
        "roe": -74.69,
        "roa": -1,
        "operating_margin": -1,
        "cost_ratio": -0.57
      }
    ],
    "dividend_data": [
      {
        "fiscal_year": "2013/03",
        "total_dividend": 0.0
      }
    ]
  },
  {
    "code": 5541,
    "name": "大平洋金属",
    "annual_data": [
      {
        "date": "2010/03/31",
        "per": 18.69,
        "pbr": 1.48,
        "is_per_red": false,
        "is_pbr_red": false
      },
      {
        "date": "2011/03/31",
        "per": 10.69,
        "pbr": 1.09,
        "is_per_red": false,
        "is_pbr_red": false
      },
      {
        "date": "2012/03/30",
        "per": 75.64,
        "pbr": 0.8,
        "is_per_red": false,
        "is_pbr_red": false
      },
      {
        "date": "2013/03/29",
        "per": 46.78,
        "pbr": 0.87,
        "is_per_red": false,
        "is_pbr_red": false
      },
      {
        "date": "2014/03/31",
        "per": -1,
        "pbr": 0.7,
        "is_per_red": true,
        "is_pbr_red": false
      },
      {
        "date": "2015/03/31",
        "per": -1,
        "pbr": 0.58,
        "is_per_red": true,
        "is_pbr_red": false
      },
      {
        "date": "2016/03/31",
        "per": -1,
        "pbr": 0.95,
        "is_per_red": true,
        "is_pbr_red": false
      },
      {
        "date": "2017/03/31",
        "per": -1,
        "pbr": 1.19,
        "is_per_red": true,
        "is_pbr_red": false
      },
      {
        "date": "2018/03/30",
        "per": -1,
        "pbr": 1.0,
        "is_per_red": true,
        "is_pbr_red": false
      },
      {
        "date": "2019/03/29",
        "per": 14.22,
        "pbr": 0.82,
        "is_per_red": false,
        "is_pbr_red": false
      },
      {
        "date": "2020/03/31",
        "per": 49.0,
        "pbr": 0.48,
        "is_per_red": false,
        "is_pbr_red": false
      },
      {
        "date": "2021/03/31",
        "per": 36.0,
        "pbr": 0.63,
        "is_per_red": false,
        "is_pbr_red": false
      },
      {
        "date": "2022/03/31",
        "per": 7.09,
        "pbr": 1.01,
        "is_per_red": false,
        "is_pbr_red": false
      },
      {
        "date": "2023/03/31",
        "per": -1,
        "pbr": 0.52,
        "is_per_red": true,
        "is_pbr_red": false
      },
      {
        "date": "2024/03/29",
        "per": -1,
        "pbr": 0.39,
        "is_per_red": true,
        "is_pbr_red": false
      }
    ],
    "daily_data": [],
    "financial_data": [
      {
        "fiscal_year": "2008/03",
        "sales": 116400.0,
        "operating_profit": 52300.0,
        "ordinary_profit": 56300.0,
        "net_profit": 32800.0,
        "roa": 34.6,
        "operating_margin": 27.25,
        "cost_ratio": 44.88,
        "sga_ratio": 50.91
      },
      {
        "fiscal_year": "2009/03",
        "sales": 73000.0,
        "operating_profit": 16200.0,
        "ordinary_profit": 18400.0,
        "net_profit": 10500.0,
        "roa": 10.94,
        "operating_margin": 9.97,
        "cost_ratio": 22.16,
        "sga_ratio": 73.31
      },
      {
        "fiscal_year": "2010/03",
        "sales": 58500.0,
        "operating_profit": 11800.0,
        "ordinary_profit": 13400.0,
        "net_profit": 8140.000000000001,
        "roe": 41.58,
        "roa": 7.92,
        "operating_margin": 7.03,
        "cost_ratio": 20.13,
        "sga_ratio": 73.79
      },
      {
        "fiscal_year": "2011/03",
        "sales": 74800.0,
        "operating_profit": 18500.0,
        "ordinary_profit": 20800.0,
        "net_profit": 11300.0,
        "eps": 11200.0,
        "roe": 57.52,
        "roa": 10.2,
        "operating_margin": 8.9,
        "cost_ratio": 24.73,
        "sga_ratio": 67.95
      },
      {
        "fiscal_year": "2012/03",
        "sales": 48300.0,
        "operating_profit": 153.0,
        "ordinary_profit": 3520.0000000000005,
        "net_profit": 1180.0,
        "eps": 1989.9999999999998,
        "roe": 6.0,
        "roa": 1.06,
        "operating_margin": 0.95,
        "cost_ratio": 0.32,
        "sga_ratio": 91.03
      },
      {
        "fiscal_year": "2013/03",
        "sales": 58500.0,
        "operating_profit": 2170.0,
        "ordinary_profit": 4920.0,
        "net_profit": 2130.0,
        "eps": 3879.9999999999995,
        "roe": 10.86,
        "roa": 1.86,
        "operating_margin": 1.69,
        "cost_ratio": 3.71,
        "sga_ratio": 85.93
      },
      {
        "fiscal_year": "2014/03",
        "sales": 56400.0,
        "operating_profit": -4079.9999999999995,
        "ordinary_profit": -1839.9999999999998,
        "net_profit": -6150.0,
        "eps": -5470.0,
        "roe": -31.5,
        "roa": -1,
        "operating_margin": -1,
        "cost_ratio": -7.23,
        "sga_ratio": 96.84
      },
      {
        "fiscal_year": "2015/03",
        "sales": 61200.0,
        "operating_profit": -7790.000000000001,
        "ordinary_profit": -91.0,
        "net_profit": -1610.0000000000002,
        "eps": 2210.0,
        "roe": -8.25,
        "roa": -1,
        "operating_margin": -1,
        "cost_ratio": -12.72,
        "sga_ratio": 105.66
      },
      {
        "fiscal_year": "2016/03",
        "sales": 47600.0,
        "operating_profit": -15400.0,
        "ordinary_profit": -12300.0,
        "net_profit": -38400.0,
        "eps": -42000.0,
        "roe": -196.62,
        "roa": -1,
        "operating_margin": -1,
        "cost_ratio": -32.23,
        "sga_ratio": 125.05
      },
      {
        "fiscal_year": "2017/03",
        "sales": 38700.0,
        "operating_profit": -3070.0,
        "ordinary_profit": -515.0,
        "net_profit": -3560.0,
        "eps": -3950.0,
        "roe": -18.25,
        "roa": -1,
        "operating_margin": -1,
        "cost_ratio": -7.93,
        "sga_ratio": 100.45
      },
      {
        "fiscal_year": "2018/03",
        "sales": 41200.0,
        "operating_profit": -3240.0,
        "ordinary_profit": -202.99999999999997,
        "net_profit": -810.0,
        "eps": -1140.0,
        "roe": -41.52,
        "roa": -1,
        "operating_margin": -1,
        "cost_ratio": -7.86,
        "sga_ratio": 101.05
      },
      {
        "fiscal_year": "2019/03",
        "sales": 49100.0,
        "operating_profit": 176.0,
        "ordinary_profit": 3450.0,
        "net_profit": 3690.0,
        "eps": 2070.0,
        "roe": 189.32,
        "roa": 5.75,
        "operating_margin": 5.13,
        "cost_ratio": 0.36,
        "sga_ratio": 93.67
      },
      {
        "fiscal_year": "2020/03",
        "sales": 44100.0,
        "operating_profit": -1880.0,
        "ordinary_profit": 972.0000000000001,
        "net_profit": 625.0,
        "eps": 142.0,
        "roe": 32.04,
        "roa": 0.99,
        "operating_margin": 0.89,
        "cost_ratio": -4.26,
        "sga_ratio": 97.36
      },
      {
        "fiscal_year": "2021/03",
        "sales": 32200.0,
        "operating_profit": -493.0,
        "ordinary_profit": 3340.0,
        "net_profit": 1160.0,
        "eps": 3610.0,
        "roe": 59.58,
        "roa": 1.74,
        "operating_margin": 1.54,
        "cost_ratio": -1.53,
        "sga_ratio": 93.29
      },
      {
        "fiscal_year": "2022/03",
        "sales": 57100.0,
        "operating_profit": 4810.0,
        "ordinary_profit": 13000.0,
        "net_profit": 11400.0,
        "eps": 13900.0,
        "roe": 582.88,
        "roa": 14.23,
        "operating_margin": 12.65,
        "cost_ratio": 8.41,
        "sga_ratio": 85.7
      },
      {
        "fiscal_year": "2023/03",
        "sales": 34900.0,
        "operating_profit": -12600.0,
        "ordinary_profit": -4960.0,
        "net_profit": -5030.0,
        "eps": -5100.0,
        "roe": -257.71,
        "roa": -1,
        "operating_margin": -1,
        "cost_ratio": -36.12,
        "sga_ratio": 129.53
      },
      {
        "fiscal_year": "2024/03",
        "sales": 15500.0,
        "operating_profit": -9110.0,
        "ordinary_profit": -2120.0,
        "net_profit": -1070.0,
        "eps": -2970.0,
        "roe": -55.07,
        "roa": -1,
        "operating_margin": -1,
        "cost_ratio": -58.72,
        "sga_ratio": 145.85
      },
      {
        "fiscal_year": "2025/03",
        "sales": 14100.0,
        "operating_profit": -7859.999999999999,
        "ordinary_profit": -3620.0000000000005,
        "net_profit": -3390.0,
        "roe": -174.04,
        "roa": -1,
        "operating_margin": -1,
        "cost_ratio": -55.75
      }
    ],
    "dividend_data": [
      {
        "fiscal_year": "2010/03",
        "total_dividend": 13.0,
        "dividend_yield": 1.67
      },
      {
        "fiscal_year": "2011/03",
        "total_dividend": 17.0,
        "dividend_yield": 2.76
      },
      {
        "fiscal_year": "2012/03",
        "total_dividend": 2.0,
        "dividend_yield": 0.44
      },
      {
        "fiscal_year": "2013/03",
        "total_dividend": 4.0,
        "dividend_yield": 0.79
      }
    ]
  },
  {
    "code": 5542,
    "name": "新報国マテリアル",
    "annual_data": [
      {
        "date": "2009/12/30",
        "per": -1,
        "pbr": 1.5,
        "is_per_red": true,
        "is_pbr_red": false
      },
      {
        "date": "2010/12/30",
        "per": -1,
        "pbr": 1.58,
        "is_per_red": true,
        "is_pbr_red": false
      },
      {
        "date": "2011/12/30",
        "per": 3.72,
        "pbr": 1.39,
        "is_per_red": false,
        "is_pbr_red": false
      },
      {
        "date": "2012/12/28",
        "per": 7.49,
        "pbr": 0.98,
        "is_per_red": false,
        "is_pbr_red": false
      },
      {
        "date": "2013/12/30",
        "per": 6.11,
        "pbr": 0.88,
        "is_per_red": false,
        "is_pbr_red": false
      },
      {
        "date": "2014/12/30",
        "per": 5.85,
        "pbr": 1.65,
        "is_per_red": false,
        "is_pbr_red": false
      },
      {
        "date": "2015/12/30",
        "per": 4.41,
        "pbr": 1.24,
        "is_per_red": false,
        "is_pbr_red": false
      },
      {
        "date": "2016/12/30",
        "per": 5.5,
        "pbr": 1.34,
        "is_per_red": false,
        "is_pbr_red": false
      },
      {
        "date": "2017/12/29",
        "per": 6.84,
        "pbr": 2.48,
        "is_per_red": false,
        "is_pbr_red": false
      },
      {
        "date": "2018/12/28",
        "per": 5.27,
        "pbr": 0.77,
        "is_per_red": false,
        "is_pbr_red": false
      },
      {
        "date": "2019/12/30",
        "per": 9.26,
        "pbr": 0.95,
        "is_per_red": false,
        "is_pbr_red": false
      },
      {
        "date": "2020/12/30",
        "per": 15.02,
        "pbr": 0.68,
        "is_per_red": false,
        "is_pbr_red": false
      },
      {
        "date": "2021/12/30",
        "per": 12.28,
        "pbr": 0.89,
        "is_per_red": false,
        "is_pbr_red": false
      },
      {
        "date": "2022/12/30",
        "per": 8.06,
        "pbr": 0.82,
        "is_per_red": false,
        "is_pbr_red": false
      },
      {
        "date": "2023/12/29",
        "per": 7.9,
        "pbr": 0.72,
        "is_per_red": false,
        "is_pbr_red": false
      }
    ],
    "daily_data": [],
    "financial_data": [
      {
        "fiscal_year": "2008/12",
        "sales": 7100.0,
        "operating_profit": 622.0,
        "ordinary_profit": 531.0,
        "net_profit": 14.000000000000002,
        "roe": 0.81,
        "roa": 0.29,
        "operating_margin": 8.77,
        "cost_ratio": 80.94,
        "sga_ratio": 10.29
      },
      {
        "fiscal_year": "2009/12",
        "sales": 1830.0,
        "operating_profit": -1140.0,
        "ordinary_profit": -1080.0,
        "net_profit": -1190.0,
        "eps": -339.12,
        "roe": -1,
        "roa": -1,
        "operating_margin": -62.03,
        "cost_ratio": 131.86,
        "sga_ratio": 30.16
      },
      {
        "fiscal_year": "2010/12",
        "sales": 3640.0,
        "operating_profit": -67.0,
        "ordinary_profit": -47.0,
        "net_profit": -60.0,
        "eps": -17.09,
        "roe": -1,
        "roa": -1,
        "operating_margin": -1.84,
        "cost_ratio": 87.99,
        "sga_ratio": 13.85
      },
      {
        "fiscal_year": "2011/12",
        "sales": 4200.0,
        "operating_profit": 231.0,
        "ordinary_profit": 235.0,
        "net_profit": 291.0,
        "eps": 82.96,
        "roe": 37.35,
        "roa": 7.94,
        "operating_margin": 5.49,
        "cost_ratio": 80.64,
        "sga_ratio": 13.87
      },
      {
        "fiscal_year": "2012/12",
        "sales": 3110.0,
        "operating_profit": 105.0,
        "ordinary_profit": 143.0,
        "net_profit": 123.0,
        "eps": 34.99,
        "roe": 13.14,
        "roa": 3.58,
        "operating_margin": 3.39,
        "cost_ratio": 80.56,
        "sga_ratio": 16.05
      },
      {
        "fiscal_year": "2013/12",
        "sales": 2910.0,
        "operating_profit": 144.0,
        "ordinary_profit": 169.0,
        "net_profit": 160.0,
        "eps": 48.42,
        "roe": 14.39,
        "roa": 4.36,
        "operating_margin": 4.96,
        "cost_ratio": 77.08,
        "sga_ratio": 17.96
      },
      {
        "fiscal_year": "2014/12",
        "sales": 3690.0,
        "operating_profit": 416.0,
        "ordinary_profit": 434.99999999999994,
        "net_profit": 430.99999999999994,
        "eps": 130.03,
        "roe": 28.22,
        "roa": 10.41,
        "operating_margin": 11.26,
        "cost_ratio": 74.05,
        "sga_ratio": 14.69
      },
      {
        "fiscal_year": "2015/12",
        "sales": 4780.0,
        "operating_profit": 576.0,
        "ordinary_profit": 607.0,
        "net_profit": 590.0,
        "eps": 178.16,
        "roe": 28.12,
        "roa": 12.13,
        "operating_margin": 12.06,
        "cost_ratio": 75.91,
        "sga_ratio": 12.04
      },
      {
        "fiscal_year": "2016/12",
        "sales": 5340.0,
        "operating_profit": 886.9999999999999,
        "ordinary_profit": 911.9999999999999,
        "net_profit": 659.0,
        "eps": 199.01,
        "roe": 24.4,
        "roa": 13.01,
        "operating_margin": 16.61,
        "cost_ratio": 69.58,
        "sga_ratio": 13.81
      },
      {
        "fiscal_year": "2017/12",
        "sales": 5490.0,
        "operating_profit": 810.0,
        "ordinary_profit": 844.9999999999999,
        "net_profit": 1210.0,
        "eps": 365.8,
        "roe": 36.0,
        "roa": 19.61,
        "operating_margin": 14.75,
        "cost_ratio": 72.6,
        "sga_ratio": 12.65
      },
      {
        "fiscal_year": "2018/12",
        "sales": 6230.0,
        "operating_profit": 711.0,
        "ordinary_profit": 744.0,
        "net_profit": 557.0,
        "eps": 166.71,
        "roe": 14.6,
        "roa": 8.42,
        "operating_margin": 11.42,
        "cost_ratio": 75.7,
        "sga_ratio": 12.88
      },
      {
        "fiscal_year": "2019/12",
        "sales": 5520.0,
        "operating_profit": 603.0,
        "ordinary_profit": 601.0,
        "net_profit": 428.0,
        "eps": 128.04,
        "roe": 10.23,
        "roa": 6.28,
        "operating_margin": 10.93,
        "cost_ratio": 75.54,
        "sga_ratio": 13.53
      },
      {
        "fiscal_year": "2020/12",
        "sales": 3990.0,
        "operating_profit": 223.0,
        "ordinary_profit": 267.0,
        "net_profit": 192.0,
        "eps": 57.31,
        "roe": 4.52,
        "roa": 2.94,
        "operating_margin": 5.6,
        "cost_ratio": 79.82,
        "sga_ratio": 14.58
      },
      {
        "fiscal_year": "2021/12",
        "sales": 4660.0,
        "operating_profit": 382.0,
        "ordinary_profit": 434.0,
        "net_profit": 323.0,
        "eps": 96.5,
        "roe": 7.22,
        "roa": 4.63,
        "operating_margin": 8.2,
        "cost_ratio": 78.06,
        "sga_ratio": 13.75
      },
      {
        "fiscal_year": "2022/12",
        "sales": 6360.0,
        "operating_profit": 638.0,
        "ordinary_profit": 652.0,
        "net_profit": 492.0,
        "eps": 146.22,
        "roe": 10.21,
        "roa": 6.75,
        "operating_margin": 10.02,
        "cost_ratio": 77.68,
        "sga_ratio": 12.29
      },
      {
        "fiscal_year": "2023/12",
        "sales": 6480.0,
        "operating_profit": 628.0,
        "ordinary_profit": 644.0,
        "net_profit": 476.0,
        "eps": 141.53,
        "roe": 9.09,
        "roa": 6.15,
        "operating_margin": 9.69,
        "cost_ratio": 78.11,
        "sga_ratio": 12.2
      },
      {
        "fiscal_year": "2024/12",
        "sales": 6600.0,
        "operating_profit": 700.0,
        "ordinary_profit": 710.0,
        "net_profit": 530.0,
        "eps": 151.0,
        "roe": 9.74,
        "roa": 6.91,
        "operating_margin": 10.61
      }
    ],
    "dividend_data": [
      {
        "fiscal_year": "2011/03",
        "total_dividend": 3.0,
        "dividend_yield": 0.97
      },
      {
        "fiscal_year": "2012/03",
        "total_dividend": 3.0,
        "dividend_yield": 1.15
      }
    ]
  },
  {
    "code": 5563,
    "name": "新日本電工",
    "annual_data": [
      {
        "date": "2009/12/30",
        "per": 356.13,
        "pbr": 1.35,
        "is_per_red": false,
        "is_pbr_red": false
      },
      {
        "date": "2010/12/30",
        "per": 11.88,
        "pbr": 1.4,
        "is_per_red": false,
        "is_pbr_red": false
      },
      {
        "date": "2011/12/30",
        "per": 8.35,
        "pbr": 0.72,
        "is_per_red": false,
        "is_pbr_red": false
      },
      {
        "date": "2012/12/28",
        "per": -1,
        "pbr": 0.53,
        "is_per_red": true,
        "is_pbr_red": false
      },
      {
        "date": "2013/12/30",
        "per": 15.36,
        "pbr": 0.62,
        "is_per_red": false,
        "is_pbr_red": false
      },
      {
        "date": "2014/12/30",
        "per": 3.43,
        "pbr": 0.55,
        "is_per_red": false,
        "is_pbr_red": false
      },
      {
        "date": "2015/12/30",
        "per": -1,
        "pbr": 0.51,
        "is_per_red": true,
        "is_pbr_red": false
      },
      {
        "date": "2016/12/30",
        "per": -1,
        "pbr": 0.57,
        "is_per_red": true,
        "is_pbr_red": false
      },
      {
        "date": "2017/12/29",
        "per": 8.63,
        "pbr": 0.98,
        "is_per_red": false,
        "is_pbr_red": false
      },
      {
        "date": "2018/12/28",
        "per": 13.57,
        "pbr": 0.46,
        "is_per_red": false,
        "is_pbr_red": false
      },
      {
        "date": "2019/12/30",
        "per": -1,
        "pbr": 0.47,
        "is_per_red": true,
        "is_pbr_red": false
      },
      {
        "date": "2020/12/30",
        "per": 16.77,
        "pbr": 0.78,
        "is_per_red": false,
        "is_pbr_red": false
      },
      {
        "date": "2021/12/30",
        "per": 5.52,
        "pbr": 0.67,
        "is_per_red": false,
        "is_pbr_red": false
      },
      {
        "date": "2022/12/30",
        "per": 6.46,
        "pbr": 0.71,
        "is_per_red": false,
        "is_pbr_red": false
      },
      {
        "date": "2023/12/29",
        "per": 8.76,
        "pbr": 0.53,
        "is_per_red": false,
        "is_pbr_red": false
      }
    ],
    "daily_data": [],
    "financial_data": [
      {
        "fiscal_year": "2008/12",
        "sales": 116000.0,
        "operating_profit": 24600.0,
        "ordinary_profit": 25200.0,
        "net_profit": 13700.0,
        "roa": 29.99,
        "operating_margin": 15.55,
        "cost_ratio": 21.24,
        "sga_ratio": 71.34
      },
      {
        "fiscal_year": "2009/12",
        "sales": 61800.0,
        "operating_profit": 775.0,
        "ordinary_profit": 922.0000000000001,
        "net_profit": 171.0,
        "roe": 1.55,
        "roa": 0.38,
        "operating_margin": 0.26,
        "cost_ratio": 1.25,
        "sga_ratio": 89.05
      },
      {
        "fiscal_year": "2010/12",
        "sales": 72000.0,
        "operating_profit": 10200.0,
        "ordinary_profit": 10500.0,
        "net_profit": 5990.0,
        "roe": 54.23,
        "roa": 11.81,
        "operating_margin": 8.16,
        "cost_ratio": 14.22,
        "sga_ratio": 77.22
      },
      {
        "fiscal_year": "2011/12",
        "sales": 71200.0,
        "operating_profit": 8800.0,
        "ordinary_profit": 8860.0,
        "net_profit": 4600.0,
        "eps": 3479.9999999999995,
        "roe": 41.69,
        "roa": 8.68,
        "operating_margin": 6.38,
        "cost_ratio": 12.35,
        "sga_ratio": 78.78
      },
      {
        "fiscal_year": "2012/12",
        "sales": 60400.0,
        "operating_profit": 3720.0000000000005,
        "ordinary_profit": 3520.0000000000005,
        "net_profit": -516.0,
        "eps": 1019.9999999999999,
        "roe": -4.67,
        "roa": -1,
        "operating_margin": -1,
        "cost_ratio": 6.16,
        "sga_ratio": 84.07
      },
      {
        "fiscal_year": "2013/12",
        "sales": 54400.0,
        "operating_profit": 3590.0,
        "ordinary_profit": 3979.9999999999995,
        "net_profit": 2270.0,
        "eps": 3470.0000000000005,
        "roe": 20.64,
        "roa": 4.05,
        "operating_margin": 3.17,
        "cost_ratio": 6.6,
        "sga_ratio": 83.55
      },
      {
        "fiscal_year": "2014/12",
        "sales": 75900.0,
        "operating_profit": 2720.0,
        "ordinary_profit": 2290.0,
        "net_profit": 10800.0,
        "eps": 11100.0,
        "roe": 85.17,
        "roa": 13.79,
        "operating_margin": 9.28,
        "cost_ratio": 3.59,
        "sga_ratio": 88.63
      },
      {
        "fiscal_year": "2015/12",
        "sales": 82900.0,
        "operating_profit": 2050.0,
        "ordinary_profit": 211.0,
        "net_profit": -14200.0,
        "eps": -14500.0,
        "roe": -96.84,
        "roa": -1,
        "operating_margin": -1,
        "cost_ratio": 2.47,
        "sga_ratio": 89.55
      },
      {
        "fiscal_year": "2016/12",
        "sales": 58500.0,
        "operating_profit": 1720.0,
        "ordinary_profit": 1610.0000000000002,
        "net_profit": -115.99999999999999,
        "eps": -2010.0000000000002,
        "roe": -0.79,
        "roa": -1,
        "operating_margin": -1,
        "cost_ratio": 2.94,
        "sga_ratio": 86.28
      },
      {
        "fiscal_year": "2017/12",
        "sales": 71300.0,
        "operating_profit": 9640.0,
        "ordinary_profit": 9240.0,
        "net_profit": 7990.000000000001,
        "eps": 10900.0,
        "roe": 54.55,
        "roa": 11.3,
        "operating_margin": 8.11,
        "cost_ratio": 13.51,
        "sga_ratio": 77.79
      },
      {
        "fiscal_year": "2018/12",
        "sales": 73900.0,
        "operating_profit": 1700.0,
        "ordinary_profit": 1950.0,
        "net_profit": 2350.0,
        "eps": -90.0,
        "roe": 16.06,
        "roa": 3.41,
        "operating_margin": 2.36,
        "cost_ratio": 2.3,
        "sga_ratio": 88.77
      },
      {
        "fiscal_year": "2019/12",
        "sales": 70500.0,
        "operating_profit": -5570.0,
        "ordinary_profit": -6430.0,
        "net_profit": -14200.0,
        "eps": -14500.0,
        "roe": -97.19,
        "roa": -1,
        "operating_margin": -1,
        "cost_ratio": -7.91,
        "sga_ratio": 99.6
      },
      {
        "fiscal_year": "2020/12",
        "sales": 54000.0,
        "operating_profit": 5430.0,
        "ordinary_profit": 3060.0,
        "net_profit": 2620.0,
        "eps": 2130.0,
        "roe": 17.83,
        "roa": 4.64,
        "operating_margin": 3.03,
        "cost_ratio": 10.06,
        "sga_ratio": 80.34
      },
      {
        "fiscal_year": "2021/12",
        "sales": 66000.0,
        "operating_profit": 8440.0,
        "ordinary_profit": 6870.0,
        "net_profit": 7770.0,
        "eps": 9190.0,
        "roe": 52.91,
        "roa": 12.09,
        "operating_margin": 8.1,
        "cost_ratio": 12.79,
        "sga_ratio": 78.23
      },
      {
        "fiscal_year": "2022/12",
        "sales": 79300.0,
        "operating_profit": 8820.0,
        "ordinary_profit": 10400.0,
        "net_profit": 7950.0,
        "eps": 10800.0,
        "roe": 54.45,
        "roa": 11.49,
        "operating_margin": 7.57,
        "cost_ratio": 11.11,
        "sga_ratio": 80.62
      },
      {
        "fiscal_year": "2023/12",
        "sales": 78400.0,
        "operating_profit": 4740.0,
        "ordinary_profit": 2420.0,
        "net_profit": 4330.0,
        "eps": 5120.0,
        "roe": 31.5,
        "roa": 6.06,
        "operating_margin": 4.3,
        "cost_ratio": 6.05,
        "sga_ratio": 82.94
      },
      {
        "fiscal_year": "2024/12",
        "sales": 79800.0,
        "ordinary_profit": 5000.0,
        "net_profit": 3400.0,
        "roe": 24.76,
        "roa": 4.7,
        "operating_margin": 3.38
      }
    ],
    "dividend_data": [
      {
        "fiscal_year": "2009/03",
        "total_dividend": 3.0,
        "dividend_yield": 0.54
      },
      {
        "fiscal_year": "2010/03",
        "total_dividend": 10.0,
        "dividend_yield": 1.55
      },
      {
        "fiscal_year": "2011/03",
        "total_dividend": 8.0,
        "dividend_yield": 2.3
      },
      {
        "fiscal_year": "2012/03",
        "total_dividend": 5.0,
        "dividend_yield": 1.95
      }
    ]
  },
  {
    "code": 5602,
    "name": "栗本鐵工所",
    "annual_data": [
      {
        "date": "2010/03/31",
        "per": -1,
        "pbr": 0.64,
        "is_per_red": true,
        "is_pbr_red": false
      },
      {
        "date": "2011/03/31",
        "per": 15.96,
        "pbr": 0.59,
        "is_per_red": false,
        "is_pbr_red": false
      },
      {
        "date": "2012/03/30",
        "per": 13.12,
        "pbr": 0.69,
        "is_per_red": false,
        "is_pbr_red": false
      },
      {
        "date": "2013/03/29",
        "per": 14.19,
        "pbr": 0.9,
        "is_per_red": false,
        "is_pbr_red": false
      },
      {
        "date": "2014/03/31",
        "per": 8.04,
        "pbr": 0.67,
        "is_per_red": false,
        "is_pbr_red": false
      },
      {
        "date": "2015/03/31",
        "per": 18.57,
        "pbr": 0.6,
        "is_per_red": false,
        "is_pbr_red": false
      },
      {
        "date": "2016/03/31",
        "per": 9.07,
        "pbr": 0.41,
        "is_per_red": false,
        "is_pbr_red": false
      },
      {
        "date": "2017/03/31",
        "per": 6.75,
        "pbr": 0.5,
        "is_per_red": false,
        "is_pbr_red": false
      },
      {
        "date": "2018/03/30",
        "per": 10.56,
        "pbr": 0.43,
        "is_per_red": false,
        "is_pbr_red": false
      },
      {
        "date": "2019/03/29",
        "per": 8.79,
        "pbr": 0.31,
        "is_per_red": false,
        "is_pbr_red": false
      },
      {
        "date": "2020/03/31",
        "per": 8.51,
        "pbr": 0.4,
        "is_per_red": false,
        "is_pbr_red": false
      },
      {
        "date": "2021/03/31",
        "per": 6.72,
        "pbr": 0.33,
        "is_per_red": false,
        "is_pbr_red": false
      },
      {
        "date": "2022/03/31",
        "per": 6.57,
        "pbr": 0.29,
        "is_per_red": false,
        "is_pbr_red": false
      },
      {
        "date": "2023/03/31",
        "per": 5.25,
        "pbr": 0.35,
        "is_per_red": false,
        "is_pbr_red": false
      },
      {
        "date": "2024/03/29",
        "per": 8.99,
        "pbr": 0.6,
        "is_per_red": false,
        "is_pbr_red": false
      }
    ],
    "daily_data": [],
    "financial_data": [
      {
        "fiscal_year": "2009/03",
        "sales": 158600.0,
        "operating_profit": 2590.0,
        "ordinary_profit": 1520.0,
        "net_profit": -23200.0,
        "roa": -1,
        "operating_margin": -1,
        "cost_ratio": 1.63,
        "sga_ratio": 81.97
      },
      {
        "fiscal_year": "2010/03",
        "sales": 119100.0,
        "operating_profit": 6759.999999999999,
        "ordinary_profit": 5710.0,
        "net_profit": -5420.0,
        "roe": -40.45,
        "roa": -1,
        "operating_margin": -1,
        "cost_ratio": 5.67,
        "sga_ratio": 75.9
      },
      {
        "fiscal_year": "2011/03",
        "sales": 95000.0,
        "operating_profit": 3490.0,
        "ordinary_profit": 2730.0,
        "net_profit": 1480.0,
        "eps": 579.0,
        "roe": 11.03,
        "roa": 3.69,
        "operating_margin": 1.19,
        "cost_ratio": 3.68,
        "sga_ratio": 76.9
      },
      {
        "fiscal_year": "2012/03",
        "sales": 97100.0,
        "operating_profit": 4240.0,
        "ordinary_profit": 3710.0,
        "net_profit": 2210.0,
        "eps": 2100.0,
        "roe": 16.46,
        "roa": 5.27,
        "operating_margin": 1.71,
        "cost_ratio": 4.37,
        "sga_ratio": 76.66
      },
      {
        "fiscal_year": "2013/03",
        "sales": 98200.0,
        "operating_profit": 5890.0,
        "ordinary_profit": 5530.0,
        "net_profit": 2900.0,
        "eps": 4320.0,
        "roe": 21.63,
        "roa": 6.36,
        "operating_margin": 2.23,
        "cost_ratio": 6.0,
        "sga_ratio": 75.12
      },
      {
        "fiscal_year": "2014/03",
        "sales": 103700.0,
        "operating_profit": 5400.0,
        "ordinary_profit": 4690.0,
        "net_profit": 3750.0,
        "eps": 5150.0,
        "roe": 28.34,
        "roa": 8.34,
        "operating_margin": 2.9,
        "cost_ratio": 5.21,
        "sga_ratio": 76.47
      },
      {
        "fiscal_year": "2015/03",
        "sales": 98400.0,
        "operating_profit": 2930.0,
        "ordinary_profit": 2550.0,
        "net_profit": 1600.0,
        "eps": 3760.0,
        "roe": 12.33,
        "roa": 3.25,
        "operating_margin": 1.25,
        "cost_ratio": 2.97,
        "sga_ratio": 77.46
      },
      {
        "fiscal_year": "2016/03",
        "sales": 102000.0,
        "operating_profit": 3329.9999999999995,
        "ordinary_profit": 2890.0,
        "net_profit": 2190.0,
        "eps": -312.0,
        "roe": 16.98,
        "roa": 4.55,
        "operating_margin": 1.76,
        "cost_ratio": 3.27,
        "sga_ratio": 77.61
      },
      {
        "fiscal_year": "2017/03",
        "sales": 101600.0,
        "operating_profit": 3420.0000000000005,
        "ordinary_profit": 3020.0,
        "net_profit": 4100.0,
        "eps": 8590.0,
        "roe": 325.99,
        "roa": 7.38,
        "operating_margin": 3.18,
        "cost_ratio": 3.37,
        "sga_ratio": 76.38
      },
      {
        "fiscal_year": "2018/03",
        "sales": 107100.0,
        "operating_profit": 3410.0,
        "ordinary_profit": 3080.0,
        "net_profit": 2400.0,
        "eps": 3240.0,
        "roe": 191.63,
        "roa": 4.11,
        "operating_margin": 1.78,
        "cost_ratio": 3.18,
        "sga_ratio": 76.99
      },
      {
        "fiscal_year": "2019/03",
        "sales": 108800.0,
        "operating_profit": 3000.0,
        "ordinary_profit": 3200.0,
        "net_profit": 2080.0,
        "eps": 494.00000000000006,
        "roe": 165.6,
        "roa": 3.57,
        "operating_margin": 1.52,
        "cost_ratio": 2.76,
        "sga_ratio": 77.35
      },
      {
        "fiscal_year": "2020/03",
        "sales": 109900.0,
        "operating_profit": 4340.0,
        "ordinary_profit": 4390.0,
        "net_profit": 2770.0,
        "eps": 1240.0,
        "roe": 222.77,
        "roa": 4.79,
        "operating_margin": 2.07,
        "cost_ratio": 3.95,
        "sga_ratio": 76.24
      },
      {
        "fiscal_year": "2021/03",
        "sales": 116600.0,
        "operating_profit": 4670.0,
        "ordinary_profit": 4580.0,
        "net_profit": 3170.0,
        "eps": 6970.0,
        "roe": 260.39,
        "roa": 4.96,
        "operating_margin": 2.36,
        "cost_ratio": 4.01,
        "sga_ratio": 77.69
      },
      {
        "fiscal_year": "2022/03",
        "sales": 106000.0,
        "operating_profit": 4170.0,
        "ordinary_profit": 4180.0,
        "net_profit": 2920.0,
        "eps": 3440.0,
        "roe": 239.12,
        "roa": 4.4,
        "operating_margin": 2.09,
        "cost_ratio": 3.94,
        "sga_ratio": 76.08
      },
      {
        "fiscal_year": "2023/03",
        "sales": 124800.0,
        "operating_profit": 6840.000000000001,
        "ordinary_profit": 6870.0,
        "net_profit": 4730.0,
        "eps": 6270.0,
        "roe": 387.26,
        "roa": 6.6,
        "operating_margin": 3.26,
        "cost_ratio": 5.48,
        "sga_ratio": 76.49
      },
      {
        "fiscal_year": "2024/03",
        "sales": 125900.0,
        "operating_profit": 7459.999999999999,
        "ordinary_profit": 7820.0,
        "net_profit": 5470.0,
        "eps": 11700.0,
        "roe": 452.05,
        "roa": 6.69,
        "operating_margin": 3.62,
        "cost_ratio": 5.92,
        "sga_ratio": 75.02
      },
      {
        "fiscal_year": "2025/03",
        "sales": 124000.0,
        "operating_profit": 7000.0,
        "ordinary_profit": 7200.0,
        "net_profit": 5500.0,
        "roe": 453.52,
        "roa": 6.63,
        "operating_margin": 3.78,
        "cost_ratio": 5.65
      }
    ],
    "dividend_data": [
      {
        "fiscal_year": "2011/03",
        "total_dividend": 2.0,
        "dividend_yield": 1.14
      },
      {
        "fiscal_year": "2012/03",
        "total_dividend": 2.0,
        "dividend_yield": 0.93
      },
      {
        "fiscal_year": "2013/03",
        "total_dividend": 4.0,
        "dividend_yield": 1.3
      }
    ]
  },
  {
    "code": 5603,
    "name": "虹技",
    "annual_data": [
      {
        "date": "2010/03/31",
        "per": 14.09,
        "pbr": 0.62,
        "is_per_red": false,
        "is_pbr_red": false
      },
      {
        "date": "2011/03/31",
        "per": 13.94,
        "pbr": 1.09,
        "is_per_red": false,
        "is_pbr_red": false
      },
      {
        "date": "2012/03/30",
        "per": 18.79,
        "pbr": 1.06,
        "is_per_red": false,
        "is_pbr_red": false
      },
      {
        "date": "2013/03/29",
        "per": 33.81,
        "pbr": 0.74,
        "is_per_red": false,
        "is_pbr_red": false
      },
      {
        "date": "2014/03/31",
        "per": 37.23,
        "pbr": 0.8,
        "is_per_red": false,
        "is_pbr_red": false
      },
      {
        "date": "2015/03/31",
        "per": 22.37,
        "pbr": 0.77,
        "is_per_red": false,
        "is_pbr_red": false
      },
      {
        "date": "2016/03/31",
        "per": 9.78,
        "pbr": 0.59,
        "is_per_red": false,
        "is_pbr_red": false
      },
      {
        "date": "2017/03/31",
        "per": 20.62,
        "pbr": 0.81,
        "is_per_red": false,
        "is_pbr_red": false
      },
      {
        "date": "2018/03/30",
        "per": 9.99,
        "pbr": 0.65,
        "is_per_red": false,
        "is_pbr_red": false
      },
      {
        "date": "2019/03/29",
        "per": 6.23,
        "pbr": 0.44,
        "is_per_red": false,
        "is_pbr_red": false
      },
      {
        "date": "2020/03/31",
        "per": 32.34,
        "pbr": 0.33,
        "is_per_red": false,
        "is_pbr_red": false
      },
      {
        "date": "2021/03/31",
        "per": 14.12,
        "pbr": 0.37,
        "is_per_red": false,
        "is_pbr_red": false
      },
      {
        "date": "2022/03/31",
        "per": 75.64,
        "pbr": 0.29,
        "is_per_red": false,
        "is_pbr_red": false
      },
      {
        "date": "2023/03/31",
        "per": 7.31,
        "pbr": 0.29,
        "is_per_red": false,
        "is_pbr_red": false
      },
      {
        "date": "2024/03/29",
        "per": 8.89,
        "pbr": 0.35,
        "is_per_red": false,
        "is_pbr_red": false
      }
    ],
    "daily_data": [],
    "financial_data": [
      {
        "fiscal_year": "2008/03",
        "sales": 18400.0,
        "operating_profit": 2020.0,
        "ordinary_profit": 1870.0,
        "net_profit": 916.0,
        "roa": 13.01,
        "operating_margin": 4.52,
        "cost_ratio": 10.98,
        "sga_ratio": 79.63
      },
      {
        "fiscal_year": "2009/03",
        "sales": 18200.0,
        "operating_profit": 1420.0,
        "ordinary_profit": 1280.0,
        "net_profit": 697.0,
        "roa": 9.7,
        "operating_margin": 3.7,
        "cost_ratio": 7.77,
        "sga_ratio": 82.33
      },
      {
        "fiscal_year": "2010/03",
        "sales": 13900.0,
        "operating_profit": 711.0,
        "ordinary_profit": 600.0,
        "net_profit": 322.0,
        "roe": 9.58,
        "roa": 4.4,
        "operating_margin": 1.74,
        "cost_ratio": 5.12,
        "sga_ratio": 82.92
      },
      {
        "fiscal_year": "2011/03",
        "sales": 16200.0,
        "operating_profit": 1350.0,
        "ordinary_profit": 1200.0,
        "net_profit": 603.0,
        "eps": 552.0,
        "roe": 17.94,
        "roa": 7.84,
        "operating_margin": 3.0,
        "cost_ratio": 8.35,
        "sga_ratio": 81.11
      },
      {
        "fiscal_year": "2012/03",
        "sales": 17500.0,
        "operating_profit": 908.0,
        "ordinary_profit": 787.0,
        "net_profit": 451.0,
        "eps": 540.0,
        "roe": 13.41,
        "roa": 5.65,
        "operating_margin": 2.19,
        "cost_ratio": 5.18,
        "sga_ratio": 84.12
      },
      {
        "fiscal_year": "2013/03",
        "sales": 17200.0,
        "operating_profit": 368.0,
        "ordinary_profit": 412.0,
        "net_profit": 180.0,
        "eps": 612.0,
        "roe": 5.35,
        "roa": 2.2,
        "operating_margin": 0.89,
        "cost_ratio": 2.13,
        "sga_ratio": 86.34
      },
      {
        "fiscal_year": "2014/03",
        "sales": 18600.0,
        "operating_profit": 657.0,
        "ordinary_profit": 611.0,
        "net_profit": 181.0,
        "eps": 830.0000000000001,
        "roe": 5.48,
        "roa": 2.15,
        "operating_margin": 0.85,
        "cost_ratio": 3.53,
        "sga_ratio": 85.56
      },
      {
        "fiscal_year": "2015/03",
        "sales": 20200.0,
        "operating_profit": 1140.0,
        "ordinary_profit": 874.0,
        "net_profit": 313.0,
        "eps": 1330.0,
        "roe": 9.48,
        "roa": 3.45,
        "operating_margin": 1.42,
        "cost_ratio": 5.67,
        "sga_ratio": 83.93
      },
      {
        "fiscal_year": "2016/03",
        "sales": 19300.0,
        "operating_profit": 1470.0,
        "ordinary_profit": 1220.0,
        "net_profit": 540.0,
        "eps": -2.0,
        "roe": 16.35,
        "roa": 6.03,
        "operating_margin": 2.57,
        "cost_ratio": 7.59,
        "sga_ratio": 81.0
      },
      {
        "fiscal_year": "2017/03",
        "sales": 19800.0,
        "operating_profit": 1730.0,
        "ordinary_profit": 1820.0,
        "net_profit": 370.0,
        "eps": 936.0,
        "roe": 11.2,
        "roa": 3.93,
        "operating_margin": 1.54,
        "cost_ratio": 8.73,
        "sga_ratio": 79.63
      },
      {
        "fiscal_year": "2018/03",
        "sales": 22900.0,
        "operating_profit": 1340.0,
        "ordinary_profit": 1340.0,
        "net_profit": 657.0,
        "eps": 1280.0,
        "roe": 198.41,
        "roa": 6.5,
        "operating_margin": 2.25,
        "cost_ratio": 5.82,
        "sga_ratio": 82.69
      },
      {
        "fiscal_year": "2019/03",
        "sales": 24000.0,
        "operating_profit": 1280.0,
        "ordinary_profit": 1300.0,
        "net_profit": 734.0,
        "eps": 432.0,
        "roe": 221.44,
        "roa": 7.05,
        "operating_margin": 2.57,
        "cost_ratio": 5.35,
        "sga_ratio": 83.04
      },
      {
        "fiscal_year": "2020/03",
        "sales": 21300.0,
        "operating_profit": 539.0,
        "ordinary_profit": 372.0,
        "net_profit": 102.0,
        "eps": -322.0,
        "roe": 30.77,
        "roa": 1.01,
        "operating_margin": 0.38,
        "cost_ratio": 2.54,
        "sga_ratio": 84.66
      },
      {
        "fiscal_year": "2021/03",
        "sales": 18100.0,
        "operating_profit": 284.0,
        "ordinary_profit": 383.0,
        "net_profit": 285.0,
        "eps": 1000.0,
        "roe": 85.99,
        "roa": 2.64,
        "operating_margin": 1.02,
        "cost_ratio": 1.57,
        "sga_ratio": 85.34
      },
      {
        "fiscal_year": "2022/03",
        "sales": 23100.0,
        "operating_profit": 154.0,
        "ordinary_profit": 89.0,
        "net_profit": 43.0,
        "eps": 599.0,
        "roe": 12.97,
        "roa": 0.39,
        "operating_margin": 0.14,
        "cost_ratio": 0.67,
        "sga_ratio": 87.9
      },
      {
        "fiscal_year": "2023/03",
        "sales": 26700.0,
        "operating_profit": 807.0,
        "ordinary_profit": 716.0,
        "net_profit": 466.0,
        "eps": 1050.0,
        "roe": 142.08,
        "roa": 3.94,
        "operating_margin": 1.44,
        "cost_ratio": 3.02,
        "sga_ratio": 86.35
      },
      {
        "fiscal_year": "2024/03",
        "sales": 26000.0,
        "operating_profit": 786.0,
        "ordinary_profit": 714.0,
        "net_profit": 538.0,
        "eps": 1920.0,
        "roe": 164.53,
        "roa": 3.98,
        "operating_margin": 1.53,
        "cost_ratio": 3.03,
        "sga_ratio": 86.02
      },
      {
        "fiscal_year": "2025/03",
        "sales": 26200.0,
        "operating_profit": 840.0,
        "ordinary_profit": 780.0,
        "net_profit": 480.0,
        "roe": 146.8,
        "roa": 3.5,
        "operating_margin": 1.44,
        "cost_ratio": 3.2
      }
    ],
    "dividend_data": [
      {
        "fiscal_year": "2010/03",
        "total_dividend": 2.22
      },
      {
        "fiscal_year": "2011/03",
        "total_dividend": 2.0
      },
      {
        "fiscal_year": "2012/03",
        "total_dividend": 1.98
      },
      {
        "fiscal_year": "2013/03",
        "total_dividend": 2.76
      }
    ]
  },
  {
    "code": 5609,
    "name": "日本鋳造",
    "annual_data": [
      {
        "date": "2010/03/31",
        "per": 11.48,
        "pbr": 0.56,
        "is_per_red": false,
        "is_pbr_red": false
      },
      {
        "date": "2011/03/31",
        "per": 13.4,
        "pbr": 0.54,
        "is_per_red": false,
        "is_pbr_red": false
      },
      {
        "date": "2012/03/30",
        "per": -1,
        "pbr": 0.62,
        "is_per_red": true,
        "is_pbr_red": false
      },
      {
        "date": "2013/03/29",
        "per": 34.42,
        "pbr": 0.62,
        "is_per_red": false,
        "is_pbr_red": false
      },
      {
        "date": "2014/03/31",
        "per": -1,
        "pbr": 0.92,
        "is_per_red": true,
        "is_pbr_red": false
      },
      {
        "date": "2015/03/31",
        "per": 1088.24,
        "pbr": 0.73,
        "is_per_red": false,
        "is_pbr_red": false
      },
      {
        "date": "2016/03/31",
        "per": 47.08,
        "pbr": 0.5,
        "is_per_red": false,
        "is_pbr_red": false
      },
      {
        "date": "2017/03/31",
        "per": -1,
        "pbr": 0.59,
        "is_per_red": true,
        "is_pbr_red": false
      },
      {
        "date": "2018/03/30",
        "per": 11.34,
        "pbr": 0.68,
        "is_per_red": false,
        "is_pbr_red": false
      },
      {
        "date": "2019/03/29",
        "per": 7.56,
        "pbr": 0.39,
        "is_per_red": false,
        "is_pbr_red": false
      },
      {
        "date": "2020/03/31",
        "per": 8.22,
        "pbr": 0.26,
        "is_per_red": false,
        "is_pbr_red": false
      },
      {
        "date": "2021/03/31",
        "per": 10.79,
        "pbr": 0.44,
        "is_per_red": false,
        "is_pbr_red": false
      },
      {
        "date": "2022/03/31",
        "per": 6.31,
        "pbr": 0.37,
        "is_per_red": false,
        "is_pbr_red": false
      },
      {
        "date": "2023/03/31",
        "per": 7.32,
        "pbr": 0.36,
        "is_per_red": false,
        "is_pbr_red": false
      },
      {
        "date": "2024/03/29",
        "per": 7.46,
        "pbr": 0.41,
        "is_per_red": false,
        "is_pbr_red": false
      }
    ],
    "daily_data": [],
    "financial_data": [
      {
        "fiscal_year": "2008/03",
        "sales": 21400.0,
        "operating_profit": 2190.0,
        "ordinary_profit": 2120.0,
        "net_profit": 1120.0,
        "roa": 14.18,
        "operating_margin": 4.61,
        "cost_ratio": 10.25,
        "sga_ratio": 83.78
      },
      {
        "fiscal_year": "2009/03",
        "sales": 19900.0,
        "operating_profit": 1310.0,
        "ordinary_profit": 1260.0,
        "net_profit": 543.0,
        "roa": 6.52,
        "operating_margin": 2.32,
        "cost_ratio": 6.59,
        "sga_ratio": 87.22
      },
      {
        "fiscal_year": "2010/03",
        "sales": 14000.0,
        "operating_profit": 737.0,
        "ordinary_profit": 671.0,
        "net_profit": 425.0,
        "roe": 10.1,
        "roa": 4.88,
        "operating_margin": 2.16,
        "cost_ratio": 5.27,
        "sga_ratio": 87.18
      },
      {
        "fiscal_year": "2011/03",
        "sales": 15500.0,
        "operating_profit": 672.0,
        "ordinary_profit": 665.0,
        "net_profit": 361.0,
        "eps": 358.0,
        "roe": 8.58,
        "roa": 4.03,
        "operating_margin": 1.86,
        "cost_ratio": 4.34,
        "sga_ratio": 88.96
      },
      {
        "fiscal_year": "2012/03",
        "sales": 14200.0,
        "operating_profit": 268.0,
        "ordinary_profit": 291.0,
        "net_profit": -5.0,
        "eps": 345.0,
        "roe": -0.12,
        "roa": -1,
        "operating_margin": -1,
        "cost_ratio": 1.89,
        "sga_ratio": 91.41
      },
      {
        "fiscal_year": "2013/03",
        "sales": 11300.0,
        "operating_profit": 333.0,
        "ordinary_profit": 357.0,
        "net_profit": 188.0,
        "eps": 245.0,
        "roe": 3.66,
        "roa": 1.81,
        "operating_margin": 1.01,
        "cost_ratio": 2.94,
        "sga_ratio": 88.35
      },
      {
        "fiscal_year": "2014/03",
        "sales": 11100.0,
        "operating_profit": 18.0,
        "ordinary_profit": 13.0,
        "net_profit": -28.000000000000004,
        "eps": -17.0,
        "roe": -0.55,
        "roa": -1,
        "operating_margin": -1,
        "cost_ratio": 0.16,
        "sga_ratio": 91.17
      },
      {
        "fiscal_year": "2015/03",
        "sales": 10300.0,
        "operating_profit": 72.0,
        "ordinary_profit": 88.0,
        "net_profit": 7.000000000000001,
        "eps": 432.0,
        "roe": 0.14,
        "roa": 0.07,
        "operating_margin": 0.04,
        "cost_ratio": 0.7,
        "sga_ratio": 90.07
      },
      {
        "fiscal_year": "2016/03",
        "sales": 11100.0,
        "operating_profit": 213.0,
        "ordinary_profit": 225.0,
        "net_profit": 109.00000000000001,
        "eps": 56.0,
        "roe": 2.12,
        "roa": 1.05,
        "operating_margin": 0.59,
        "cost_ratio": 1.92,
        "sga_ratio": 88.93
      },
      {
        "fiscal_year": "2017/03",
        "sales": 9610.0,
        "operating_profit": -313.0,
        "ordinary_profit": -306.0,
        "net_profit": -825.0,
        "eps": -756.0,
        "roe": -16.08,
        "roa": -1,
        "operating_margin": -1,
        "cost_ratio": -3.26,
        "sga_ratio": 92.38
      },
      {
        "fiscal_year": "2018/03",
        "sales": 13300.0,
        "operating_profit": 762.0,
        "ordinary_profit": 769.0,
        "net_profit": 598.0,
        "eps": 630.0,
        "roe": 116.53,
        "roa": 5.96,
        "operating_margin": 2.95,
        "cost_ratio": 5.72,
        "sga_ratio": 85.68
      },
      {
        "fiscal_year": "2019/03",
        "sales": 13700.0,
        "operating_profit": 668.0,
        "ordinary_profit": 763.0,
        "net_profit": 532.0,
        "eps": 486.0,
        "roe": 103.67,
        "roa": 5.13,
        "operating_margin": 2.57,
        "cost_ratio": 4.86,
        "sga_ratio": 85.77
      },
      {
        "fiscal_year": "2020/03",
        "sales": 12100.0,
        "operating_profit": 425.0,
        "ordinary_profit": 457.0,
        "net_profit": 331.0,
        "eps": 169.0,
        "roe": 64.5,
        "roa": 3.19,
        "operating_margin": 1.66,
        "cost_ratio": 3.52,
        "sga_ratio": 86.51
      },
      {
        "fiscal_year": "2021/03",
        "sales": 11900.0,
        "operating_profit": 497.0,
        "ordinary_profit": 589.0,
        "net_profit": 434.99999999999994,
        "eps": 507.0,
        "roe": 84.77,
        "roa": 4.04,
        "operating_margin": 2.22,
        "cost_ratio": 4.18,
        "sga_ratio": 85.46
      },
      {
        "fiscal_year": "2022/03",
        "sales": 12100.0,
        "operating_profit": 787.0,
        "ordinary_profit": 814.0,
        "net_profit": 663.0,
        "eps": 617.0,
        "roe": 129.2,
        "roa": 5.89,
        "operating_margin": 3.14,
        "cost_ratio": 6.5,
        "sga_ratio": 83.5
      },
      {
        "fiscal_year": "2023/03",
        "sales": 14800.0,
        "operating_profit": 707.0,
        "ordinary_profit": 701.0,
        "net_profit": 568.0,
        "eps": 569.0,
        "roe": 116.66,
        "roa": 5.0,
        "operating_margin": 2.51,
        "cost_ratio": 4.77,
        "sga_ratio": 85.95
      },
      {
        "fiscal_year": "2024/03",
        "sales": 16000.0,
        "operating_profit": 1290.0,
        "ordinary_profit": 1280.0,
        "net_profit": 651.0,
        "eps": 659.0,
        "roe": 135.03,
        "roa": 5.48,
        "operating_margin": 2.77,
        "cost_ratio": 8.05,
        "sga_ratio": 82.89
      },
      {
        "fiscal_year": "2025/03",
        "sales": 13000.0,
        "operating_profit": 409.99999999999994,
        "ordinary_profit": 409.99999999999994,
        "net_profit": 270.0,
        "roe": 56.0,
        "roa": 2.32,
        "operating_margin": 1.19,
        "cost_ratio": 3.15
      }
    ],
    "dividend_data": [
      {
        "fiscal_year": "2010/03",
        "total_dividend": 2.16
      },
      {
        "fiscal_year": "2011/03",
        "total_dividend": 2.17
      },
      {
        "fiscal_year": "2012/03",
        "total_dividend": 1.85
      },
      {
        "fiscal_year": "2013/03",
        "total_dividend": 1.98
      }
    ]
  },
  {
    "code": 5610,
    "name": "大和重工",
    "annual_data": [
      {
        "date": "2009/12/30",
        "per": -1,
        "pbr": 0.51,
        "is_per_red": true,
        "is_pbr_red": false
      },
      {
        "date": "2010/12/30",
        "per": -1,
        "pbr": 0.43,
        "is_per_red": true,
        "is_pbr_red": false
      },
      {
        "date": "2011/12/30",
        "per": -1,
        "pbr": 0.44,
        "is_per_red": true,
        "is_pbr_red": false
      },
      {
        "date": "2012/12/28",
        "per": 13.45,
        "pbr": 0.52,
        "is_per_red": false,
        "is_pbr_red": false
      },
      {
        "date": "2013/12/30",
        "per": 13.94,
        "pbr": 0.58,
        "is_per_red": false,
        "is_pbr_red": false
      },
      {
        "date": "2014/12/30",
        "per": 7.7,
        "pbr": 0.66,
        "is_per_red": false,
        "is_pbr_red": false
      },
      {
        "date": "2015/12/30",
        "per": 6.96,
        "pbr": 0.64,
        "is_per_red": false,
        "is_pbr_red": false
      },
      {
        "date": "2016/12/30",
        "per": 18.77,
        "pbr": 0.54,
        "is_per_red": false,
        "is_pbr_red": false
      },
      {
        "date": "2017/12/29",
        "per": 418.89,
        "pbr": 0.69,
        "is_per_red": false,
        "is_pbr_red": false
      },
      {
        "date": "2018/12/28",
        "per": -1,
        "pbr": 0.33,
        "is_per_red": true,
        "is_pbr_red": false
      },
      {
        "date": "2019/12/30",
        "per": 14.23,
        "pbr": 0.42,
        "is_per_red": false,
        "is_pbr_red": false
      },
      {
        "date": "2020/12/30",
        "per": -1,
        "pbr": 0.36,
        "is_per_red": true,
        "is_pbr_red": false
      },
      {
        "date": "2021/12/30",
        "per": -1,
        "pbr": 0.44,
        "is_per_red": true,
        "is_pbr_red": false
      },
      {
        "date": "2022/12/29",
        "per": 14.54,
        "pbr": 0.41,
        "is_per_red": false,
        "is_pbr_red": false
      },
      {
        "date": "2023/12/29",
        "per": 19.4,
        "pbr": 0.46,
        "is_per_red": false,
        "is_pbr_red": false
      }
    ],
    "daily_data": [],
    "financial_data": [
      {
        "fiscal_year": "2008/12",
        "sales": 7109.999999999999,
        "operating_profit": 409.0,
        "ordinary_profit": 500.0,
        "net_profit": 311.0,
        "roe": 10.93,
        "roa": 4.22,
        "operating_margin": 5.76,
        "cost_ratio": 81.08,
        "sga_ratio": 13.16
      },
      {
        "fiscal_year": "2009/12",
        "sales": 4370.0,
        "operating_profit": -302.0,
        "ordinary_profit": -225.0,
        "net_profit": -228.0,
        "eps": -16.76,
        "roe": -1,
        "roa": -1,
        "operating_margin": -6.9,
        "cost_ratio": 90.45,
        "sga_ratio": 16.45
      },
      {
        "fiscal_year": "2010/12",
        "sales": 3840.0,
        "operating_profit": -466.0,
        "ordinary_profit": -388.0,
        "net_profit": -491.0,
        "eps": -36.17,
        "roe": -1,
        "roa": -1,
        "operating_margin": -12.13,
        "cost_ratio": 93.7,
        "sga_ratio": 18.43
      },
      {
        "fiscal_year": "2011/12",
        "sales": 5090.0,
        "operating_profit": -177.0,
        "ordinary_profit": -104.0,
        "net_profit": -140.0,
        "eps": -10.31,
        "roe": -1,
        "roa": -1,
        "operating_margin": -3.49,
        "cost_ratio": 88.86,
        "sga_ratio": 14.63
      },
      {
        "fiscal_year": "2012/12",
        "sales": 4510.0,
        "operating_profit": 7.7,
        "ordinary_profit": 90.0,
        "net_profit": 81.0,
        "eps": 5.95,
        "roe": 3.85,
        "roa": 1.46,
        "operating_margin": 0.17,
        "cost_ratio": 84.5,
        "sga_ratio": 15.33
      },
      {
        "fiscal_year": "2013/12",
        "sales": 4570.0,
        "operating_profit": 33.0,
        "ordinary_profit": 122.0,
        "net_profit": 105.0,
        "eps": 7.75,
        "roe": 4.13,
        "roa": 1.72,
        "operating_margin": 0.71,
        "cost_ratio": 83.79,
        "sga_ratio": 15.5
      },
      {
        "fiscal_year": "2014/12",
        "sales": 4590.0,
        "operating_profit": 95.0,
        "ordinary_profit": 186.0,
        "net_profit": 243.0,
        "eps": 17.92,
        "roe": 8.54,
        "roa": 3.84,
        "operating_margin": 2.08,
        "cost_ratio": 81.75,
        "sga_ratio": 16.18
      },
      {
        "fiscal_year": "2015/12",
        "sales": 4800.0,
        "operating_profit": 183.0,
        "ordinary_profit": 293.0,
        "net_profit": 304.0,
        "eps": 22.42,
        "roe": 9.25,
        "roa": 4.45,
        "operating_margin": 3.82,
        "cost_ratio": 79.44,
        "sga_ratio": 16.74
      },
      {
        "fiscal_year": "2016/12",
        "sales": 3929.9999999999995,
        "operating_profit": -6.8,
        "ordinary_profit": 98.0,
        "net_profit": 95.0,
        "eps": 7.03,
        "roe": 2.9,
        "roa": 1.49,
        "operating_margin": -0.17,
        "cost_ratio": 81.3,
        "sga_ratio": 18.87
      },
      {
        "fiscal_year": "2017/12",
        "sales": 4130.0,
        "operating_profit": -86.0,
        "ordinary_profit": 24.0,
        "net_profit": 5.6,
        "eps": 0.41,
        "roe": 0.16,
        "roa": 0.08,
        "operating_margin": -2.08,
        "cost_ratio": 83.43,
        "sga_ratio": 18.64
      },
      {
        "fiscal_year": "2018/12",
        "sales": 4050.0,
        "operating_profit": -180.0,
        "ordinary_profit": -71.0,
        "net_profit": -62.0,
        "eps": -46.11,
        "roe": -1,
        "roa": -1,
        "operating_margin": -4.44,
        "cost_ratio": 84.43,
        "sga_ratio": 20.0
      },
      {
        "fiscal_year": "2019/12",
        "sales": 4300.0,
        "operating_profit": -24.0,
        "ordinary_profit": 85.0,
        "net_profit": 93.0,
        "eps": 68.89,
        "roe": 2.94,
        "roa": 1.45,
        "operating_margin": -0.56,
        "cost_ratio": 82.17,
        "sga_ratio": 18.39
      },
      {
        "fiscal_year": "2020/12",
        "sales": 3180.0,
        "operating_profit": -295.0,
        "ordinary_profit": -185.0,
        "net_profit": -361.0,
        "eps": -267.78,
        "roe": -1,
        "roa": -1,
        "operating_margin": -9.27,
        "cost_ratio": 88.47,
        "sga_ratio": 20.8
      },
      {
        "fiscal_year": "2021/12",
        "sales": 3050.0,
        "operating_profit": -312.0,
        "ordinary_profit": -203.0,
        "net_profit": -204.0,
        "eps": -154.98,
        "roe": -1,
        "roa": -1,
        "operating_margin": -10.21,
        "cost_ratio": 88.67,
        "sga_ratio": 21.54
      },
      {
        "fiscal_year": "2022/12",
        "sales": 3870.0000000000005,
        "operating_profit": -61.0,
        "ordinary_profit": 63.0,
        "net_profit": 71.0,
        "eps": 53.77,
        "roe": 2.84,
        "roa": 1.19,
        "operating_margin": -1.59,
        "cost_ratio": 83.46,
        "sga_ratio": 18.13
      },
      {
        "fiscal_year": "2023/12",
        "sales": 4380.0,
        "operating_profit": -30.0,
        "ordinary_profit": 104.0,
        "net_profit": 66.0,
        "eps": 50.31,
        "roe": 2.35,
        "roa": 1.03,
        "operating_margin": -0.67,
        "cost_ratio": 82.97,
        "sga_ratio": 17.7
      },
      {
        "fiscal_year": "2024/12",
        "sales": 4200.0,
        "operating_profit": -130.0,
        "ordinary_profit": 20.0,
        "net_profit": 1.0,
        "eps": 0.74,
        "roe": 0.03,
        "roa": 0.02,
        "operating_margin": -3.1
      }
    ],
    "dividend_data": [
      {
        "fiscal_year": "2012/03",
        "total_dividend": 0.0
      },
      {
        "fiscal_year": "2014/03",
        "total_dividend": 1.45
      },
      {
        "fiscal_year": "2017/03",
        "total_dividend": 0.0
      },
      {
        "fiscal_year": "2018/03",
        "total_dividend": 0.0
      },
      {
        "fiscal_year": "2019/03",
        "total_dividend": 0.51
      },
      {
        "fiscal_year": "2020/03",
        "total_dividend": 0.0
      },
      {
        "fiscal_year": "2021/03",
        "total_dividend": 0.0
      },
      {
        "fiscal_year": "2022/03",
        "total_dividend": 0.0
      },
      {
        "fiscal_year": "2023/03",
        "total_dividend": 0.0
      },
      {
        "fiscal_year": "2024/03"
      }
    ]
  },
  {
    "code": 5612,
    "name": "日本鋳鉄管",
    "annual_data": [
      {
        "date": "2010/03/31",
        "per": 4.86,
        "pbr": 0.54,
        "is_per_red": false,
        "is_pbr_red": false
      },
      {
        "date": "2011/03/31",
        "per": 16.2,
        "pbr": 0.77,
        "is_per_red": false,
        "is_pbr_red": false
      },
      {
        "date": "2012/03/30",
        "per": 10.96,
        "pbr": 0.71,
        "is_per_red": false,
        "is_pbr_red": false
      },
      {
        "date": "2013/03/29",
        "per": 8.48,
        "pbr": 0.79,
        "is_per_red": false,
        "is_pbr_red": false
      },
      {
        "date": "2014/03/31",
        "per": 9.18,
        "pbr": 0.7,
        "is_per_red": false,
        "is_pbr_red": false
      },
      {
        "date": "2015/03/31",
        "per": 13.14,
        "pbr": 0.64,
        "is_per_red": false,
        "is_pbr_red": false
      },
      {
        "date": "2016/03/31",
        "per": 11.59,
        "pbr": 0.4,
        "is_per_red": false,
        "is_pbr_red": false
      },
      {
        "date": "2017/03/31",
        "per": 16.36,
        "pbr": 0.51,
        "is_per_red": false,
        "is_pbr_red": false
      },
      {
        "date": "2018/03/30",
        "per": -1,
        "pbr": 0.45,
        "is_per_red": true,
        "is_pbr_red": false
      },
      {
        "date": "2019/03/29",
        "per": -1,
        "pbr": 0.42,
        "is_per_red": true,
        "is_pbr_red": false
      },
      {
        "date": "2020/03/31",
        "per": 8.4,
        "pbr": 0.58,
        "is_per_red": false,
        "is_pbr_red": false
      },
      {
        "date": "2021/03/31",
        "per": 7.18,
        "pbr": 0.59,
        "is_per_red": false,
        "is_pbr_red": false
      },
      {
        "date": "2022/03/31",
        "per": 14.46,
        "pbr": 0.42,
        "is_per_red": false,
        "is_pbr_red": false
      },
      {
        "date": "2023/03/31",
        "per": 8.89,
        "pbr": 0.38,
        "is_per_red": false,
        "is_pbr_red": false
      },
      {
        "date": "2024/03/29",
        "per": 8.11,
        "pbr": 0.41,
        "is_per_red": false,
        "is_pbr_red": false
      }
    ],
    "daily_data": [],
    "financial_data": [
      {
        "fiscal_year": "2008/03",
        "sales": 17300.0,
        "operating_profit": 334.0,
        "ordinary_profit": 315.0,
        "net_profit": 132.0,
        "roa": 1.46,
        "operating_margin": 0.59,
        "cost_ratio": 1.93,
        "sga_ratio": 81.86
      },
      {
        "fiscal_year": "2009/03",
        "sales": 17800.0,
        "operating_profit": 838.0000000000001,
        "ordinary_profit": 814.0,
        "net_profit": -1140.0,
        "roa": -1,
        "operating_margin": -1,
        "cost_ratio": 4.71,
        "sga_ratio": 78.37
      },
      {
        "fiscal_year": "2010/03",
        "sales": 15200.0,
        "operating_profit": 1470.0,
        "ordinary_profit": 1440.0,
        "net_profit": 963.0000000000001,
        "roe": 29.24,
        "roa": 11.03,
        "operating_margin": 4.91,
        "cost_ratio": 9.7,
        "sga_ratio": 75.55
      },
      {
        "fiscal_year": "2011/03",
        "sales": 14300.0,
        "operating_profit": 938.0000000000001,
        "ordinary_profit": 917.0,
        "net_profit": 430.99999999999994,
        "eps": 440.00000000000006,
        "roe": 13.09,
        "roa": 4.74,
        "operating_margin": 2.36,
        "cost_ratio": 6.54,
        "sga_ratio": 79.32
      },
      {
        "fiscal_year": "2012/03",
        "sales": 14400.0,
        "operating_profit": 1030.0,
        "ordinary_profit": 1050.0,
        "net_profit": 619.0,
        "eps": 639.0,
        "roe": 18.8,
        "roa": 6.44,
        "operating_margin": 3.41,
        "cost_ratio": 7.17,
        "sga_ratio": 79.42
      },
      {
        "fiscal_year": "2013/03",
        "sales": 14300.0,
        "operating_profit": 1490.0,
        "ordinary_profit": 1540.0,
        "net_profit": 975.0,
        "eps": 1000.0,
        "roe": 29.61,
        "roa": 9.32,
        "operating_margin": 5.47,
        "cost_ratio": 10.45,
        "sga_ratio": 76.17
      },
      {
        "fiscal_year": "2014/03",
        "sales": 14100.0,
        "operating_profit": 1320.0,
        "ordinary_profit": 1380.0,
        "net_profit": 827.9999999999999,
        "eps": 853.9999999999999,
        "roe": 25.16,
        "roa": 7.6,
        "operating_margin": 4.42,
        "cost_ratio": 9.35,
        "sga_ratio": 77.58
      },
      {
        "fiscal_year": "2015/03",
        "sales": 13600.0,
        "operating_profit": 848.0,
        "ordinary_profit": 882.0,
        "net_profit": 566.0,
        "eps": 863.0000000000001,
        "roe": 17.2,
        "roa": 4.91,
        "operating_margin": 2.93,
        "cost_ratio": 6.23,
        "sga_ratio": 79.54
      },
      {
        "fiscal_year": "2016/03",
        "sales": 14000.0,
        "operating_profit": 624.0,
        "ordinary_profit": 636.0,
        "net_profit": 389.0,
        "eps": -93.0,
        "roe": 11.82,
        "roa": 3.43,
        "operating_margin": 2.01,
        "cost_ratio": 4.44,
        "sga_ratio": 81.65
      },
      {
        "fiscal_year": "2017/03",
        "sales": 13800.0,
        "operating_profit": 575.0,
        "ordinary_profit": 599.0,
        "net_profit": 362.0,
        "eps": 488.0,
        "roe": 11.0,
        "roa": 3.09,
        "operating_margin": 1.85,
        "cost_ratio": 4.17,
        "sga_ratio": 81.33
      },
      {
        "fiscal_year": "2018/03",
        "sales": 13000.0,
        "operating_profit": 63.0,
        "ordinary_profit": 109.00000000000001,
        "net_profit": -35.0,
        "eps": 133.0,
        "roe": -1.06,
        "roa": -1,
        "operating_margin": -1,
        "cost_ratio": 0.49,
        "sga_ratio": 84.43
      },
      {
        "fiscal_year": "2019/03",
        "sales": 12900.0,
        "operating_profit": -1040.0,
        "ordinary_profit": -1019.9999999999999,
        "net_profit": -4730.0,
        "eps": -4660.0,
        "roe": -1438.57,
        "roa": -1,
        "operating_margin": -1,
        "cost_ratio": -8.08,
        "sga_ratio": 92.89
      },
      {
        "fiscal_year": "2020/03",
        "sales": 13600.0,
        "operating_profit": 528.0,
        "ordinary_profit": 567.0,
        "net_profit": 501.99999999999994,
        "eps": 334.0,
        "roe": 152.58,
        "roa": 6.87,
        "operating_margin": 3.08,
        "cost_ratio": 3.89,
        "sga_ratio": 81.05
      },
      {
        "fiscal_year": "2021/03",
        "sales": 14700.0,
        "operating_profit": 695.0,
        "ordinary_profit": 730.0,
        "net_profit": 661.0,
        "eps": 917.0,
        "roe": 202.79,
        "roa": 8.26,
        "operating_margin": 3.86,
        "cost_ratio": 4.74,
        "sga_ratio": 80.45
      },
      {
        "fiscal_year": "2022/03",
        "sales": 15200.0,
        "operating_profit": 383.0,
        "ordinary_profit": 417.0,
        "net_profit": 236.0,
        "eps": 231.99999999999997,
        "roe": 73.45,
        "roa": 2.92,
        "operating_margin": 1.33,
        "cost_ratio": 2.52,
        "sga_ratio": 81.76
      },
      {
        "fiscal_year": "2023/03",
        "sales": 17300.0,
        "operating_profit": 521.0,
        "ordinary_profit": 576.0,
        "net_profit": 362.0,
        "eps": 462.0,
        "roe": 112.66,
        "roa": 4.28,
        "operating_margin": 1.95,
        "cost_ratio": 3.01,
        "sga_ratio": 82.38
      },
      {
        "fiscal_year": "2024/03",
        "sales": 16900.0,
        "operating_profit": 860.0,
        "ordinary_profit": 896.0000000000001,
        "net_profit": 475.0,
        "eps": 1100.0,
        "roe": 147.83,
        "roa": 5.04,
        "operating_margin": 2.32,
        "cost_ratio": 5.1,
        "sga_ratio": 79.8
      },
      {
        "fiscal_year": "2025/03",
        "sales": 17800.0,
        "operating_profit": 600.0,
        "ordinary_profit": 600.0,
        "net_profit": 280.0,
        "roe": 87.15,
        "roa": 3.07,
        "operating_margin": 1.41,
        "cost_ratio": 3.37
      }
    ],
    "dividend_data": [
      {
        "fiscal_year": "2010/03",
        "total_dividend": 2.0,
        "dividend_yield": 1.41
      },
      {
        "fiscal_year": "2011/03",
        "total_dividend": 3.0,
        "dividend_yield": 1.42
      },
      {
        "fiscal_year": "2012/03",
        "total_dividend": 4.0,
        "dividend_yield": 1.94
      },
      {
        "fiscal_year": "2013/03",
        "total_dividend": 6.0,
        "dividend_yield": 2.39
      }
    ]
  },
  {
    "code": 5632,
    "name": "三菱製鋼",
    "annual_data": [
      {
        "date": "2010/03/31",
        "per": -1,
        "pbr": 0.8,
        "is_per_red": true,
        "is_pbr_red": false
      },
      {
        "date": "2011/03/31",
        "per": 11.83,
        "pbr": 0.88,
        "is_per_red": false,
        "is_pbr_red": false
      },
      {
        "date": "2012/03/30",
        "per": 13.97,
        "pbr": 0.88,
        "is_per_red": false,
        "is_pbr_red": false
      },
      {
        "date": "2013/03/29",
        "per": 29.21,
        "pbr": 0.6,
        "is_per_red": false,
        "is_pbr_red": false
      },
      {
        "date": "2014/03/31",
        "per": 10.09,
        "pbr": 0.63,
        "is_per_red": false,
        "is_pbr_red": false
      },
      {
        "date": "2015/03/31",
        "per": 10.99,
        "pbr": 0.65,
        "is_per_red": false,
        "is_pbr_red": false
      },
      {
        "date": "2016/03/31",
        "per": 11.26,
        "pbr": 0.48,
        "is_per_red": false,
        "is_pbr_red": false
      },
      {
        "date": "2017/03/31",
        "per": 10.54,
        "pbr": 0.61,
        "is_per_red": false,
        "is_pbr_red": false
      },
      {
        "date": "2018/03/30",
        "per": 10.8,
        "pbr": 0.6,
        "is_per_red": false,
        "is_pbr_red": false
      },
      {
        "date": "2019/03/29",
        "per": 57.64,
        "pbr": 0.4,
        "is_per_red": false,
        "is_pbr_red": false
      },
      {
        "date": "2020/03/31",
        "per": -1,
        "pbr": 0.29,
        "is_per_red": true,
        "is_pbr_red": false
      },
      {
        "date": "2021/03/31",
        "per": -1,
        "pbr": 0.35,
        "is_per_red": true,
        "is_pbr_red": false
      },
      {
        "date": "2022/03/31",
        "per": 4.29,
        "pbr": 0.41,
        "is_per_red": false,
        "is_pbr_red": false
      },
      {
        "date": "2023/03/31",
        "per": 8.2,
        "pbr": 0.41,
        "is_per_red": false,
        "is_pbr_red": false
      },
      {
        "date": "2024/03/29",
        "per": -1,
        "pbr": 0.55,
        "is_per_red": true,
        "is_pbr_red": false
      }
    ],
    "daily_data": [],
    "financial_data": [
      {
        "fiscal_year": "2008/03",
        "sales": 133600.0,
        "operating_profit": 13600.0,
        "ordinary_profit": 13100.0,
        "net_profit": 7280.0,
        "roa": 15.35,
        "operating_margin": 6.28,
        "cost_ratio": 10.19,
        "sga_ratio": 81.18
      },
      {
        "fiscal_year": "2009/03",
        "sales": 128800.0,
        "operating_profit": 10100.0,
        "ordinary_profit": 7630.0,
        "net_profit": 2800.0,
        "roa": 6.48,
        "operating_margin": 2.94,
        "cost_ratio": 7.85,
        "sga_ratio": 83.65
      },
      {
        "fiscal_year": "2010/03",
        "sales": 74900.0,
        "operating_profit": -1310.0,
        "ordinary_profit": -1920.0,
        "net_profit": -276.0,
        "roe": -1.76,
        "roa": -1,
        "operating_margin": -1,
        "cost_ratio": -1.75,
        "sga_ratio": 90.24
      },
      {
        "fiscal_year": "2011/03",
        "sales": 125000.0,
        "operating_profit": 9290.0,
        "ordinary_profit": 8950.0,
        "net_profit": 3560.0,
        "eps": 5410.0,
        "roe": 22.75,
        "roa": 7.41,
        "operating_margin": 3.13,
        "cost_ratio": 7.43,
        "sga_ratio": 83.66
      },
      {
        "fiscal_year": "2012/03",
        "sales": 132900.0,
        "operating_profit": 11100.0,
        "ordinary_profit": 10800.0,
        "net_profit": 3170.0,
        "eps": 4079.9999999999995,
        "roe": 20.25,
        "roa": 6.29,
        "operating_margin": 2.64,
        "cost_ratio": 8.35,
        "sga_ratio": 82.62
      },
      {
        "fiscal_year": "2013/03",
        "sales": 106200.0,
        "operating_profit": 2870.0,
        "ordinary_profit": 3720.0000000000005,
        "net_profit": 1070.0,
        "eps": 2590.0,
        "roe": 6.85,
        "roa": 2.05,
        "operating_margin": 0.95,
        "cost_ratio": 2.71,
        "sga_ratio": 86.61
      },
      {
        "fiscal_year": "2014/03",
        "sales": 111600.0,
        "operating_profit": 4750.0,
        "ordinary_profit": 5920.0,
        "net_profit": 3370.0000000000005,
        "eps": 4350.0,
        "roe": 21.9,
        "roa": 6.24,
        "operating_margin": 2.93,
        "cost_ratio": 4.26,
        "sga_ratio": 84.8
      },
      {
        "fiscal_year": "2015/03",
        "sales": 118700.0,
        "operating_profit": 4930.0,
        "ordinary_profit": 5820.0,
        "net_profit": 3550.0,
        "eps": 6750.0,
        "roe": 23.03,
        "roa": 5.93,
        "operating_margin": 2.87,
        "cost_ratio": 4.15,
        "sga_ratio": 85.3
      },
      {
        "fiscal_year": "2016/03",
        "sales": 106500.0,
        "operating_profit": 4290.0,
        "ordinary_profit": 3290.0,
        "net_profit": 2490.0,
        "eps": -545.0,
        "roe": 16.16,
        "roa": 4.27,
        "operating_margin": 2.03,
        "cost_ratio": 4.02,
        "sga_ratio": 85.51
      },
      {
        "fiscal_year": "2017/03",
        "sales": 103700.0,
        "operating_profit": 3860.0,
        "ordinary_profit": 3210.0,
        "net_profit": 3500.0,
        "eps": 3000.0,
        "roe": 22.77,
        "roa": 5.8,
        "operating_margin": 2.59,
        "cost_ratio": 3.72,
        "sga_ratio": 84.7
      },
      {
        "fiscal_year": "2018/03",
        "sales": 118700.0,
        "operating_profit": 3220.0000000000005,
        "ordinary_profit": 2840.0,
        "net_profit": 2900.0,
        "eps": 3329.9999999999995,
        "roe": 188.75,
        "roa": 4.59,
        "operating_margin": 1.89,
        "cost_ratio": 2.71,
        "sga_ratio": 85.78
      },
      {
        "fiscal_year": "2019/03",
        "sales": 41300.0,
        "operating_profit": 1060.0,
        "ordinary_profit": 656.0,
        "net_profit": 30.0,
        "eps": -3260.0,
        "roe": 1.95,
        "roa": 0.05,
        "operating_margin": 0.02,
        "cost_ratio": 2.56
      },
      {
        "fiscal_year": "2020/03",
        "sales": 117100.0,
        "operating_profit": 436.00000000000006,
        "ordinary_profit": -259.0,
        "net_profit": -13900.0,
        "eps": -18500.0,
        "roe": -905.58,
        "roa": -1,
        "operating_margin": -1,
        "cost_ratio": 0.37,
        "sga_ratio": 87.19
      },
      {
        "fiscal_year": "2021/03",
        "sales": 97800.0,
        "operating_profit": -4940.0,
        "ordinary_profit": -5510.0,
        "net_profit": -5530.0,
        "eps": -3970.0000000000005,
        "roe": -359.32,
        "roa": -1,
        "operating_margin": -1,
        "cost_ratio": -5.05,
        "sga_ratio": 92.35
      },
      {
        "fiscal_year": "2022/03",
        "sales": 146300.0,
        "operating_profit": 6270.0,
        "ordinary_profit": 5780.0,
        "net_profit": 4070.0000000000005,
        "eps": 4260.0,
        "roe": 264.72,
        "roa": 9.49,
        "operating_margin": 2.85,
        "cost_ratio": 4.29,
        "sga_ratio": 85.71
      },
      {
        "fiscal_year": "2023/03",
        "sales": 170500.0,
        "operating_profit": 5550.0,
        "ordinary_profit": 3740.0,
        "net_profit": 2190.0,
        "eps": 1970.0,
        "roe": 142.61,
        "roa": 5.04,
        "operating_margin": 1.4,
        "cost_ratio": 3.25,
        "sga_ratio": 86.36
      },
      {
        "fiscal_year": "2024/03",
        "sales": 169900.0,
        "operating_profit": 4810.0,
        "ordinary_profit": 1950.0,
        "net_profit": -969.0,
        "eps": -660.0,
        "roe": -63.45,
        "roa": -1,
        "operating_margin": -1,
        "cost_ratio": 2.83,
        "sga_ratio": 87.18
      },
      {
        "fiscal_year": "2025/03",
        "sales": 165000.0,
        "operating_profit": 8000.0,
        "ordinary_profit": 6200.0,
        "net_profit": 3300.0,
        "roe": 218.25,
        "roa": 8.01,
        "operating_margin": 2.39,
        "cost_ratio": 4.85
      }
    ],
    "dividend_data": [
      {
        "fiscal_year": "2010/03",
        "total_dividend": 1.5,
        "dividend_yield": 0.66
      },
      {
        "fiscal_year": "2011/03",
        "total_dividend": 4.5,
        "dividend_yield": 1.67
      },
      {
        "fiscal_year": "2012/03",
        "total_dividend": 4.5,
        "dividend_yield": 1.59
      },
      {
        "fiscal_year": "2013/03",
        "total_dividend": 2.0,
        "dividend_yield": 1.0
      }
    ]
  },
  {
    "code": 5644,
    "name": "メタルアート",
    "annual_data": [
      {
        "date": "2010/03/31",
        "per": 7.3,
        "pbr": 0.53,
        "is_per_red": false,
        "is_pbr_red": false
      },
      {
        "date": "2011/03/31",
        "per": 4.78,
        "pbr": 0.53,
        "is_per_red": false,
        "is_pbr_red": false
      },
      {
        "date": "2012/03/30",
        "per": 6.77,
        "pbr": 0.74,
        "is_per_red": false,
        "is_pbr_red": false
      },
      {
        "date": "2013/03/29",
        "per": 4.76,
        "pbr": 0.5,
        "is_per_red": false,
        "is_pbr_red": false
      },
      {
        "date": "2014/03/31",
        "per": 4.41,
        "pbr": 0.55,
        "is_per_red": false,
        "is_pbr_red": false
      },
      {
        "date": "2015/03/31",
        "per": 6.08,
        "pbr": 0.5,
        "is_per_red": false,
        "is_pbr_red": false
      },
      {
        "date": "2016/03/31",
        "per": -1,
        "pbr": 0.31,
        "is_per_red": true,
        "is_pbr_red": false
      },
      {
        "date": "2017/03/31",
        "per": 6.31,
        "pbr": 0.36,
        "is_per_red": false,
        "is_pbr_red": false
      },
      {
        "date": "2018/03/30",
        "per": 15.48,
        "pbr": 0.5,
        "is_per_red": false,
        "is_pbr_red": false
      },
      {
        "date": "2019/03/29",
        "per": 5.14,
        "pbr": 0.31,
        "is_per_red": false,
        "is_pbr_red": false
      },
      {
        "date": "2020/03/31",
        "per": 4.36,
        "pbr": 0.27,
        "is_per_red": false,
        "is_pbr_red": false
      },
      {
        "date": "2021/03/31",
        "per": 4.17,
        "pbr": 0.38,
        "is_per_red": false,
        "is_pbr_red": false
      },
      {
        "date": "2022/03/31",
        "per": 2.71,
        "pbr": 0.34,
        "is_per_red": false,
        "is_pbr_red": false
      },
      {
        "date": "2023/03/31",
        "per": 3.26,
        "pbr": 0.42,
        "is_per_red": false,
        "is_pbr_red": false
      },
      {
        "date": "2024/03/29",
        "per": 5.31,
        "pbr": 0.5,
        "is_per_red": false,
        "is_pbr_red": false
      }
    ],
    "daily_data": [],
    "financial_data": [
      {
        "fiscal_year": "2008/03",
        "sales": 27400.0,
        "operating_profit": 1320.0,
        "ordinary_profit": 1250.0,
        "net_profit": 720.0,
        "roa": 10.5,
        "operating_margin": 2.91,
        "cost_ratio": 4.82,
        "sga_ratio": 88.59
      },
      {
        "fiscal_year": "2009/03",
        "sales": 27800.0,
        "operating_profit": 467.0,
        "ordinary_profit": 448.00000000000006,
        "net_profit": -34.0,
        "roa": -1,
        "operating_margin": -1,
        "cost_ratio": 1.68,
        "sga_ratio": 93.1
      },
      {
        "fiscal_year": "2010/03",
        "sales": 21600.0,
        "operating_profit": 790.0,
        "ordinary_profit": 770.0,
        "net_profit": 517.0,
        "roe": 32.72,
        "roa": 7.24,
        "operating_margin": 2.46,
        "cost_ratio": 3.65,
        "sga_ratio": 90.6
      },
      {
        "fiscal_year": "2011/03",
        "sales": 26100.0,
        "operating_profit": 1590.0,
        "ordinary_profit": 1550.0,
        "net_profit": 873.0,
        "eps": 874.0,
        "roe": 55.27,
        "roa": 11.03,
        "operating_margin": 4.02,
        "cost_ratio": 6.09,
        "sga_ratio": 88.83
      },
      {
        "fiscal_year": "2012/03",
        "sales": 28300.0,
        "operating_profit": 1880.0,
        "ordinary_profit": 1920.0,
        "net_profit": 966.0,
        "eps": 972.0000000000001,
        "roe": 61.19,
        "roa": 10.99,
        "operating_margin": 4.24,
        "cost_ratio": 6.63,
        "sga_ratio": 88.69
      },
      {
        "fiscal_year": "2013/03",
        "sales": 25700.0,
        "operating_profit": 1590.0,
        "ordinary_profit": 1650.0,
        "net_profit": 1010.0,
        "eps": 1060.0,
        "roe": 64.26,
        "roa": 10.45,
        "operating_margin": 4.62,
        "cost_ratio": 6.18,
        "sga_ratio": 88.86
      },
      {
        "fiscal_year": "2014/03",
        "sales": 27200.0,
        "operating_profit": 2210.0,
        "ordinary_profit": 2200.0,
        "net_profit": 1380.0,
        "eps": 1350.0,
        "roe": 87.8,
        "roa": 12.57,
        "operating_margin": 5.61,
        "cost_ratio": 8.13,
        "sga_ratio": 86.42
      },
      {
        "fiscal_year": "2015/03",
        "sales": 25800.0,
        "operating_profit": 1260.0,
        "ordinary_profit": 1630.0,
        "net_profit": 982.0,
        "eps": 851.0,
        "roe": 62.34,
        "roa": 8.27,
        "operating_margin": 3.88,
        "cost_ratio": 4.9,
        "sga_ratio": 88.49
      },
      {
        "fiscal_year": "2016/03",
        "sales": 23500.0,
        "operating_profit": 250.99999999999997,
        "ordinary_profit": -107.0,
        "net_profit": -181.0,
        "eps": -733.0,
        "roe": -11.49,
        "roa": -1,
        "operating_margin": -1,
        "cost_ratio": 1.07,
        "sga_ratio": 92.6
      },
      {
        "fiscal_year": "2017/03",
        "sales": 26500.0,
        "operating_profit": 1090.0,
        "ordinary_profit": 1140.0,
        "net_profit": 684.0,
        "eps": 676.0,
        "roe": 43.39,
        "roa": 5.76,
        "operating_margin": 2.71,
        "cost_ratio": 4.11,
        "sga_ratio": 89.41
      },
      {
        "fiscal_year": "2018/03",
        "sales": 30500.0,
        "operating_profit": 1290.0,
        "ordinary_profit": 885.0,
        "net_profit": 401.0,
        "eps": 575.0,
        "roe": 25.45,
        "roa": 3.25,
        "operating_margin": 1.5,
        "cost_ratio": 4.24,
        "sga_ratio": 89.91
      },
      {
        "fiscal_year": "2019/03",
        "sales": 32100.0,
        "operating_profit": 1130.0,
        "ordinary_profit": 1210.0,
        "net_profit": 799.0,
        "eps": 776.0,
        "roe": 253.6,
        "roa": 6.01,
        "operating_margin": 2.67,
        "cost_ratio": 3.51,
        "sga_ratio": 90.56
      },
      {
        "fiscal_year": "2020/03",
        "sales": 32600.0,
        "operating_profit": 1250.0,
        "ordinary_profit": 1240.0,
        "net_profit": 832.0,
        "eps": 146.0,
        "roe": 265.86,
        "roa": 6.32,
        "operating_margin": 2.88,
        "cost_ratio": 3.83,
        "sga_ratio": 90.01
      },
      {
        "fiscal_year": "2021/03",
        "sales": 28300.0,
        "operating_profit": 1760.0000000000002,
        "ordinary_profit": 2070.0,
        "net_profit": 1360.0,
        "eps": 2290.0,
        "roe": 451.12,
        "roa": 9.04,
        "operating_margin": 4.38,
        "cost_ratio": 6.24,
        "sga_ratio": 87.31
      },
      {
        "fiscal_year": "2022/03",
        "sales": 35000.0,
        "operating_profit": 3210.0,
        "ordinary_profit": 3310.0,
        "net_profit": 2220.0,
        "eps": 3050.0,
        "roe": 732.58,
        "roa": 12.61,
        "operating_margin": 5.73,
        "cost_ratio": 9.16,
        "sga_ratio": 84.52
      },
      {
        "fiscal_year": "2023/03",
        "sales": 44200.0,
        "operating_profit": 3800.0,
        "ordinary_profit": 3870.0000000000005,
        "net_profit": 2630.0,
        "eps": 3130.0,
        "roe": 879.73,
        "roa": 13.17,
        "operating_margin": 6.22,
        "cost_ratio": 8.6,
        "sga_ratio": 86.23
      },
      {
        "fiscal_year": "2024/03",
        "sales": 45000.0,
        "operating_profit": 2920.0,
        "ordinary_profit": 3180.0,
        "net_profit": 2120.0,
        "eps": 3290.0,
        "roe": 718.94,
        "roa": 9.46,
        "operating_margin": 4.81,
        "cost_ratio": 6.49,
        "sga_ratio": 88.22
      },
      {
        "fiscal_year": "2025/03",
        "sales": 45400.0,
        "operating_profit": 2070.0,
        "ordinary_profit": 2320.0,
        "net_profit": 1520.0,
        "roe": 515.72,
        "roa": 6.56,
        "operating_margin": 3.35,
        "cost_ratio": 4.56
      }
    ],
    "dividend_data": [
      {
        "fiscal_year": "2010/03",
        "total_dividend": 6.0,
        "dividend_yield": 2.51
      },
      {
        "fiscal_year": "2011/03",
        "total_dividend": 6.0,
        "dividend_yield": 2.27
      },
      {
        "fiscal_year": "2012/03",
        "total_dividend": 9.0,
        "dividend_yield": 2.17
      },
      {
        "fiscal_year": "2013/03",
        "total_dividend": 8.0,
        "dividend_yield": 2.61
      },
      {
        "fiscal_year": "2014/03",
        "total_dividend": 9.0,
        "dividend_yield": 2.33
      },
      {
        "fiscal_year": "2020/03",
        "total_dividend": 35.0,
        "dividend_yield": 3.02
      },
      {
        "fiscal_year": "2022/03",
        "total_dividend": 74.0,
        "dividend_yield": 3.73
      }
    ]
  },
  {
    "code": 5658,
    "name": "日亜鋼業",
    "annual_data": [
      {
        "date": "2010/03/31",
        "per": 182.14,
        "pbr": 0.33,
        "is_per_red": false,
        "is_pbr_red": false
      },
      {
        "date": "2011/03/31",
        "per": -1,
        "pbr": 0.31,
        "is_per_red": true,
        "is_pbr_red": false
      },
      {
        "date": "2012/03/30",
        "per": 85.95,
        "pbr": 0.28,
        "is_per_red": false,
        "is_pbr_red": false
      },
      {
        "date": "2013/03/29",
        "per": 20.71,
        "pbr": 0.37,
        "is_per_red": false,
        "is_pbr_red": false
      },
      {
        "date": "2014/03/31",
        "per": 22.37,
        "pbr": 0.35,
        "is_per_red": false,
        "is_pbr_red": false
      },
      {
        "date": "2015/03/31",
        "per": 20.5,
        "pbr": 0.38,
        "is_per_red": false,
        "is_pbr_red": false
      },
      {
        "date": "2016/03/31",
        "per": 25.93,
        "pbr": 0.28,
        "is_per_red": false,
        "is_pbr_red": false
      },
      {
        "date": "2017/03/31",
        "per": 19.15,
        "pbr": 0.31,
        "is_per_red": false,
        "is_pbr_red": false
      },
      {
        "date": "2018/03/30",
        "per": 22.09,
        "pbr": 0.39,
        "is_per_red": false,
        "is_pbr_red": false
      },
      {
        "date": "2019/03/29",
        "per": 16.9,
        "pbr": 0.38,
        "is_per_red": false,
        "is_pbr_red": false
      },
      {
        "date": "2020/03/31",
        "per": 35.52,
        "pbr": 0.32,
        "is_per_red": false,
        "is_pbr_red": false
      },
      {
        "date": "2021/03/31",
        "per": 11.94,
        "pbr": 0.35,
        "is_per_red": false,
        "is_pbr_red": false
      },
      {
        "date": "2022/03/31",
        "per": 7.59,
        "pbr": 0.28,
        "is_per_red": false,
        "is_pbr_red": false
      },
      {
        "date": "2023/03/31",
        "per": 10.71,
        "pbr": 0.3,
        "is_per_red": false,
        "is_pbr_red": false
      },
      {
        "date": "2024/03/29",
        "per": 12.71,
        "pbr": 0.31,
        "is_per_red": false,
        "is_pbr_red": false
      }
    ],
    "daily_data": [],
    "financial_data": [
      {
        "fiscal_year": "2008/03",
        "sales": 34300.0,
        "operating_profit": 2160.0,
        "ordinary_profit": 2800.0,
        "net_profit": 1689.9999999999998,
        "roa": 4.17,
        "operating_margin": 2.48,
        "cost_ratio": 6.29,
        "sga_ratio": 81.12
      },
      {
        "fiscal_year": "2009/03",
        "sales": 33800.0,
        "operating_profit": 2160.0,
        "ordinary_profit": 2610.0,
        "net_profit": 505.0,
        "roa": 1.32,
        "operating_margin": 0.79,
        "cost_ratio": 6.4,
        "sga_ratio": 81.31
      },
      {
        "fiscal_year": "2010/03",
        "sales": 28100.0,
        "operating_profit": 188.0,
        "ordinary_profit": 633.0,
        "net_profit": 72.0,
        "roe": 1.4,
        "roa": 0.18,
        "operating_margin": 0.11,
        "cost_ratio": 0.67,
        "sga_ratio": 85.73
      },
      {
        "fiscal_year": "2011/03",
        "sales": 28500.0,
        "operating_profit": 490.00000000000006,
        "ordinary_profit": 923.0,
        "net_profit": -314.0,
        "eps": -382.0,
        "roe": -6.07,
        "roa": -1,
        "operating_margin": -1,
        "cost_ratio": 1.72,
        "sga_ratio": 84.83
      },
      {
        "fiscal_year": "2012/03",
        "sales": 27500.0,
        "operating_profit": 159.0,
        "ordinary_profit": 756.0,
        "net_profit": 125.0,
        "eps": 120.0,
        "roe": 2.42,
        "roa": 0.32,
        "operating_margin": 0.2,
        "cost_ratio": 0.58,
        "sga_ratio": 85.46
      },
      {
        "fiscal_year": "2013/03",
        "sales": 27400.0,
        "operating_profit": 766.0,
        "ordinary_profit": 1190.0,
        "net_profit": 717.0,
        "eps": 1610.0000000000002,
        "roe": 13.86,
        "roa": 1.79,
        "operating_margin": 1.2,
        "cost_ratio": 2.79,
        "sga_ratio": 84.56
      },
      {
        "fiscal_year": "2014/03",
        "sales": 28500.0,
        "operating_profit": 1470.0,
        "ordinary_profit": 2060.0,
        "net_profit": 630.0,
        "eps": 1050.0,
        "roe": 13.01,
        "roa": 1.55,
        "operating_margin": 1.01,
        "cost_ratio": 5.15,
        "sga_ratio": 82.17
      },
      {
        "fiscal_year": "2015/03",
        "sales": 27800.0,
        "operating_profit": 707.0,
        "ordinary_profit": 1300.0,
        "net_profit": 791.0,
        "eps": 1570.0,
        "roe": 16.34,
        "roa": 1.87,
        "operating_margin": 1.2,
        "cost_ratio": 2.54,
        "sga_ratio": 83.87
      },
      {
        "fiscal_year": "2016/03",
        "sales": 26200.0,
        "operating_profit": 266.0,
        "ordinary_profit": 789.0,
        "net_profit": 454.0,
        "eps": -703.0,
        "roe": 9.37,
        "roa": 1.1,
        "operating_margin": 0.72,
        "cost_ratio": 1.02,
        "sga_ratio": 84.35
      },
      {
        "fiscal_year": "2017/03",
        "sales": 26300.0,
        "operating_profit": 576.0,
        "ordinary_profit": 1030.0,
        "net_profit": 687.0,
        "eps": 1320.0,
        "roe": 14.2,
        "roa": 1.62,
        "operating_margin": 1.07,
        "cost_ratio": 2.19,
        "sga_ratio": 82.07
      },
      {
        "fiscal_year": "2018/03",
        "sales": 28300.0,
        "operating_profit": 947.0000000000001,
        "ordinary_profit": 1260.0,
        "net_profit": 765.0,
        "eps": 1230.0,
        "roe": 15.8,
        "roa": 1.77,
        "operating_margin": 1.17,
        "cost_ratio": 3.35,
        "sga_ratio": 81.16
      },
      {
        "fiscal_year": "2019/03",
        "sales": 31200.0,
        "operating_profit": 1160.0,
        "ordinary_profit": 1520.0,
        "net_profit": 978.9999999999999,
        "eps": 409.99999999999994,
        "roe": 20.24,
        "roa": 2.27,
        "operating_margin": 1.47,
        "cost_ratio": 3.71,
        "sga_ratio": 81.0
      },
      {
        "fiscal_year": "2020/03",
        "sales": 30900.0,
        "operating_profit": 1750.0,
        "ordinary_profit": 2030.0,
        "net_profit": 384.0,
        "eps": 325.0,
        "roe": 7.94,
        "roa": 0.89,
        "operating_margin": 0.6,
        "cost_ratio": 5.66,
        "sga_ratio": 79.41
      },
      {
        "fiscal_year": "2021/03",
        "sales": 27800.0,
        "operating_profit": 1490.0,
        "ordinary_profit": 1920.0,
        "net_profit": 1330.0,
        "eps": 2410.0,
        "roe": 27.56,
        "roa": 2.96,
        "operating_margin": 2.04,
        "cost_ratio": 5.36,
        "sga_ratio": 79.33
      },
      {
        "fiscal_year": "2022/03",
        "sales": 30700.0,
        "operating_profit": 2010.0000000000002,
        "ordinary_profit": 2620.0,
        "net_profit": 1720.0,
        "eps": 1939.9999999999998,
        "roe": 35.45,
        "roa": 3.68,
        "operating_margin": 2.48,
        "cost_ratio": 6.55,
        "sga_ratio": 79.16
      },
      {
        "fiscal_year": "2023/03",
        "sales": 34100.0,
        "operating_profit": 1820.0,
        "ordinary_profit": 2290.0,
        "net_profit": 1330.0,
        "eps": 2440.0,
        "roe": 27.54,
        "roa": 2.76,
        "operating_margin": 1.89,
        "cost_ratio": 5.35,
        "sga_ratio": 81.47
      },
      {
        "fiscal_year": "2024/03",
        "sales": 34500.0,
        "operating_profit": 1340.0,
        "ordinary_profit": 2120.0,
        "net_profit": 1260.0,
        "eps": 4440.0,
        "roe": 26.19,
        "roa": 2.43,
        "operating_margin": 1.71,
        "cost_ratio": 3.87,
        "sga_ratio": 82.92
      },
      {
        "fiscal_year": "2025/03",
        "sales": 36500.0,
        "operating_profit": 1700.0,
        "ordinary_profit": 2200.0,
        "net_profit": 1150.0,
        "roe": 24.27,
        "roa": 2.24,
        "operating_margin": 1.57,
        "cost_ratio": 4.66
      }
    ],
    "dividend_data": [
      {
        "fiscal_year": "2010/03",
        "total_dividend": 6.0,
        "dividend_yield": 2.35
      },
      {
        "fiscal_year": "2011/03",
        "total_dividend": 6.0,
        "dividend_yield": 2.54
      },
      {
        "fiscal_year": "2012/03",
        "total_dividend": 6.0,
        "dividend_yield": 2.88
      },
      {
        "fiscal_year": "2013/03",
        "total_dividend": 6.0,
        "dividend_yield": 2.09
      },
      {
        "fiscal_year": "2014/03",
        "total_dividend": 6.0,
        "dividend_yield": 2.06
      },
      {
        "fiscal_year": "2015/03",
        "total_dividend": 6.0,
        "dividend_yield": 1.79
      },
      {
        "fiscal_year": "2016/03",
        "total_dividend": 6.0,
        "dividend_yield": 2.47
      },
      {
        "fiscal_year": "2017/03",
        "total_dividend": 6.0,
        "dividend_yield": 2.21
      },
      {
        "fiscal_year": "2018/03",
        "total_dividend": 7.0,
        "dividend_yield": 2.01
      },
      {
        "fiscal_year": "2019/03",
        "total_dividend": 6.0,
        "dividend_yield": 1.75
      },
      {
        "fiscal_year": "2020/03",
        "total_dividend": 6.0,
        "dividend_yield": 2.13
      }
    ]
  },
  {
    "code": 5659,
    "name": "日本精線",
    "annual_data": [
      {
        "date": "2010/03/31",
        "per": 18.64,
        "pbr": 0.53,
        "is_per_red": false,
        "is_pbr_red": false
      },
      {
        "date": "2011/03/31",
        "per": 7.16,
        "pbr": 0.75,
        "is_per_red": false,
        "is_pbr_red": false
      },
      {
        "date": "2012/03/30",
        "per": 7.89,
        "pbr": 0.66,
        "is_per_red": false,
        "is_pbr_red": false
      },
      {
        "date": "2013/03/29",
        "per": 9.26,
        "pbr": 0.52,
        "is_per_red": false,
        "is_pbr_red": false
      },
      {
        "date": "2014/03/31",
        "per": 9.39,
        "pbr": 0.57,
        "is_per_red": false,
        "is_pbr_red": false
      },
      {
        "date": "2015/03/31",
        "per": 14.29,
        "pbr": 0.81,
        "is_per_red": false,
        "is_pbr_red": false
      },
      {
        "date": "2016/03/31",
        "per": 8.77,
        "pbr": 0.56,
        "is_per_red": false,
        "is_pbr_red": false
      },
      {
        "date": "2017/03/31",
        "per": 11.95,
        "pbr": 0.82,
        "is_per_red": false,
        "is_pbr_red": false
      },
      {
        "date": "2018/03/30",
        "per": 10.77,
        "pbr": 1.07,
        "is_per_red": false,
        "is_pbr_red": false
      },
      {
        "date": "2019/03/29",
        "per": 7.59,
        "pbr": 0.66,
        "is_per_red": false,
        "is_pbr_red": false
      },
      {
        "date": "2020/03/31",
        "per": 13.01,
        "pbr": 0.58,
        "is_per_red": false,
        "is_pbr_red": false
      },
      {
        "date": "2021/03/31",
        "per": 11.91,
        "pbr": 0.67,
        "is_per_red": false,
        "is_pbr_red": false
      },
      {
        "date": "2022/03/31",
        "per": 8.59,
        "pbr": 0.78,
        "is_per_red": false,
        "is_pbr_red": false
      },
      {
        "date": "2023/03/31",
        "per": 9.11,
        "pbr": 0.76,
        "is_per_red": false,
        "is_pbr_red": false
      },
      {
        "date": "2024/03/29",
        "per": 16.71,
        "pbr": 1.11,
        "is_per_red": false,
        "is_pbr_red": false
      }
    ],
    "daily_data": [],
    "financial_data": [
      {
        "fiscal_year": "2008/03",
        "sales": 35600.0,
        "operating_profit": 2710.0,
        "ordinary_profit": 2680.0,
        "net_profit": 1530.0,
        "roa": 8.15,
        "operating_margin": 4.29,
        "cost_ratio": 7.62,
        "sga_ratio": 84.06
      },
      {
        "fiscal_year": "2009/03",
        "sales": 33000.0,
        "operating_profit": 153.0,
        "ordinary_profit": 244.0,
        "net_profit": 45.0,
        "roa": 0.25,
        "operating_margin": 0.16,
        "cost_ratio": 0.46,
        "sga_ratio": 91.21
      },
      {
        "fiscal_year": "2010/03",
        "sales": 24400.0,
        "operating_profit": 673.0,
        "ordinary_profit": 827.9999999999999,
        "net_profit": 514.0,
        "roe": 3.17,
        "roa": 2.84,
        "operating_margin": 1.77,
        "cost_ratio": 2.76,
        "sga_ratio": 86.65
      },
      {
        "fiscal_year": "2011/03",
        "sales": 32800.0,
        "operating_profit": 3479.9999999999995,
        "ordinary_profit": 3560.0,
        "net_profit": 2060.0,
        "eps": 1810.0000000000002,
        "roe": 12.71,
        "roa": 10.47,
        "operating_margin": 6.41,
        "cost_ratio": 10.6,
        "sga_ratio": 80.59
      },
      {
        "fiscal_year": "2012/03",
        "sales": 32900.0,
        "operating_profit": 3010.0,
        "ordinary_profit": 3050.0,
        "net_profit": 1750.0,
        "eps": 1590.0,
        "roe": 10.78,
        "roa": 8.32,
        "operating_margin": 5.59,
        "cost_ratio": 9.16,
        "sga_ratio": 82.3
      },
      {
        "fiscal_year": "2013/03",
        "sales": 29500.0,
        "operating_profit": 2039.9999999999998,
        "ordinary_profit": 2030.0,
        "net_profit": 1250.0,
        "eps": 1570.0,
        "roe": 7.67,
        "roa": 5.6,
        "operating_margin": 3.95,
        "cost_ratio": 6.93,
        "sga_ratio": 84.21
      },
      {
        "fiscal_year": "2014/03",
        "sales": 30900.0,
        "operating_profit": 2250.0,
        "ordinary_profit": 2290.0,
        "net_profit": 1410.0,
        "eps": 1660.0000000000002,
        "roe": 8.73,
        "roa": 6.03,
        "operating_margin": 4.15,
        "cost_ratio": 7.28,
        "sga_ratio": 83.68
      },
      {
        "fiscal_year": "2015/03",
        "sales": 33500.0,
        "operating_profit": 2600.0,
        "ordinary_profit": 2660.0,
        "net_profit": 1390.0,
        "eps": 1820.0,
        "roe": 8.61,
        "roa": 5.64,
        "operating_margin": 3.88,
        "cost_ratio": 7.76,
        "sga_ratio": 83.78
      },
      {
        "fiscal_year": "2016/03",
        "sales": 32200.0,
        "operating_profit": 2470.0,
        "ordinary_profit": 2530.0,
        "net_profit": 1620.0,
        "eps": 746.0,
        "roe": 10.15,
        "roa": 6.67,
        "operating_margin": 4.69,
        "cost_ratio": 7.68,
        "sga_ratio": 83.4
      },
      {
        "fiscal_year": "2017/03",
        "sales": 31800.0,
        "operating_profit": 2560.0,
        "ordinary_profit": 2540.0,
        "net_profit": 1770.0,
        "eps": 1900.0,
        "roe": 11.55,
        "roa": 6.86,
        "operating_margin": 4.75,
        "cost_ratio": 8.05,
        "sga_ratio": 82.57
      },
      {
        "fiscal_year": "2018/03",
        "sales": 37500.0,
        "operating_profit": 4000.0,
        "ordinary_profit": 4029.9999999999995,
        "net_profit": 2810.0,
        "eps": 3050.0,
        "roe": 91.75,
        "roa": 9.93,
        "operating_margin": 6.69,
        "cost_ratio": 10.69,
        "sga_ratio": 80.9
      },
      {
        "fiscal_year": "2019/03",
        "sales": 38800.0,
        "operating_profit": 3550.0,
        "ordinary_profit": 3679.9999999999995,
        "net_profit": 2640.0,
        "eps": 2750.0,
        "roe": 85.92,
        "roa": 8.72,
        "operating_margin": 6.24,
        "cost_ratio": 9.17,
        "sga_ratio": 82.17
      },
      {
        "fiscal_year": "2020/03",
        "sales": 34900.0,
        "operating_profit": 1930.0,
        "ordinary_profit": 2000.0,
        "net_profit": 1400.0,
        "eps": 1320.0,
        "roe": 45.49,
        "roa": 4.49,
        "operating_margin": 3.22,
        "cost_ratio": 5.52,
        "sga_ratio": 85.05
      },
      {
        "fiscal_year": "2021/03",
        "sales": 34100.0,
        "operating_profit": 2380.0,
        "ordinary_profit": 2600.0,
        "net_profit": 1830.0,
        "eps": 2050.0,
        "roe": 59.51,
        "roa": 5.6,
        "operating_margin": 3.96,
        "cost_ratio": 6.98,
        "sga_ratio": 83.82
      },
      {
        "fiscal_year": "2022/03",
        "sales": 44800.0,
        "operating_profit": 4600.0,
        "ordinary_profit": 4600.0,
        "net_profit": 3180.0,
        "eps": 3529.9999999999995,
        "roe": 103.6,
        "roa": 9.09,
        "operating_margin": 6.2,
        "cost_ratio": 10.26,
        "sga_ratio": 82.27
      },
      {
        "fiscal_year": "2023/03",
        "sales": 49100.0,
        "operating_profit": 4180.0,
        "ordinary_profit": 4320.0,
        "net_profit": 3090.0,
        "eps": 3479.9999999999995,
        "roe": 100.64,
        "roa": 8.33,
        "operating_margin": 5.71,
        "cost_ratio": 8.52,
        "sga_ratio": 84.45
      },
      {
        "fiscal_year": "2024/03",
        "sales": 44700.0,
        "operating_profit": 3540.0,
        "ordinary_profit": 3700.0,
        "net_profit": 2590.0,
        "eps": 3190.0,
        "roe": 84.52,
        "roa": 6.67,
        "operating_margin": 4.85,
        "cost_ratio": 7.91,
        "sga_ratio": 84.21
      },
      {
        "fiscal_year": "2025/03",
        "sales": 47700.0,
        "operating_profit": 4900.0,
        "ordinary_profit": 4900.0,
        "net_profit": 3429.9999999999995,
        "roe": 111.83,
        "roa": 8.52,
        "operating_margin": 6.17,
        "cost_ratio": 10.27
      }
    ],
    "dividend_data": [
      {
        "fiscal_year": "2010/03",
        "total_dividend": 4.0,
        "dividend_yield": 0.8
      },
      {
        "fiscal_year": "2011/03",
        "total_dividend": 9.0,
        "dividend_yield": 1.8
      },
      {
        "fiscal_year": "2012/03",
        "total_dividend": 10.0,
        "dividend_yield": 2.0
      },
      {
        "fiscal_year": "2013/03",
        "total_dividend": 10.0,
        "dividend_yield": 2.0
      }
    ]
  },
  {
    "code": 5660,
    "name": "神鋼鋼線工業",
    "annual_data": [
      {
        "date": "2010/03/31",
        "per": 9.06,
        "pbr": 0.62,
        "is_per_red": false,
        "is_pbr_red": false
      },
      {
        "date": "2011/03/31",
        "per": 27.51,
        "pbr": 0.58,
        "is_per_red": false,
        "is_pbr_red": false
      },
      {
        "date": "2012/03/30",
        "per": 14.55,
        "pbr": 0.57,
        "is_per_red": false,
        "is_pbr_red": false
      },
      {
        "date": "2013/03/29",
        "per": 15.92,
        "pbr": 0.55,
        "is_per_red": false,
        "is_pbr_red": false
      },
      {
        "date": "2014/03/31",
        "per": 19.57,
        "pbr": 0.57,
        "is_per_red": false,
        "is_pbr_red": false
      },
      {
        "date": "2015/03/31",
        "per": 31.05,
        "pbr": 0.56,
        "is_per_red": false,
        "is_pbr_red": false
      },
      {
        "date": "2016/03/31",
        "per": 14.05,
        "pbr": 0.48,
        "is_per_red": false,
        "is_pbr_red": false
      },
      {
        "date": "2017/03/31",
        "per": 22.21,
        "pbr": 0.45,
        "is_per_red": false,
        "is_pbr_red": false
      },
      {
        "date": "2018/03/30",
        "per": 18.35,
        "pbr": 0.46,
        "is_per_red": false,
        "is_pbr_red": false
      },
      {
        "date": "2019/03/29",
        "per": 212.34,
        "pbr": 0.31,
        "is_per_red": false,
        "is_pbr_red": false
      },
      {
        "date": "2020/03/31",
        "per": 12.29,
        "pbr": 0.27,
        "is_per_red": false,
        "is_pbr_red": false
      },
      {
        "date": "2021/03/31",
        "per": 25.6,
        "pbr": 0.26,
        "is_per_red": false,
        "is_pbr_red": false
      },
      {
        "date": "2022/03/31",
        "per": 8.21,
        "pbr": 0.23,
        "is_per_red": false,
        "is_pbr_red": false
      },
      {
        "date": "2023/03/31",
        "per": 7.31,
        "pbr": 0.28,
        "is_per_red": false,
        "is_pbr_red": false
      },
      {
        "date": "2024/03/29",
        "per": 8.47,
        "pbr": 0.34,
        "is_per_red": false,
        "is_pbr_red": false
      }
    ],
    "daily_data": [],
    "financial_data": [
      {
        "fiscal_year": "2008/03",
        "sales": 24600.0,
        "operating_profit": 2440.0,
        "ordinary_profit": 2170.0,
        "net_profit": 1290.0,
        "roa": 8.91,
        "operating_margin": 3.79,
        "cost_ratio": 9.89,
        "sga_ratio": 76.27
      },
      {
        "fiscal_year": "2009/03",
        "sales": 29900.0,
        "operating_profit": 2120.0,
        "ordinary_profit": 2000.0,
        "net_profit": 282.0,
        "roa": 1.98,
        "operating_margin": 0.65,
        "cost_ratio": 7.09,
        "sga_ratio": 78.89
      },
      {
        "fiscal_year": "2010/03",
        "sales": 31400.0,
        "operating_profit": 2360.0,
        "ordinary_profit": 2140.0,
        "net_profit": 1030.0,
        "roe": 17.55,
        "roa": 6.85,
        "operating_margin": 2.41,
        "cost_ratio": 7.52,
        "sga_ratio": 77.23
      },
      {
        "fiscal_year": "2011/03",
        "sales": 29000.0,
        "operating_profit": 1810.0000000000002,
        "ordinary_profit": 1600.0,
        "net_profit": 318.0,
        "eps": 449.0,
        "roe": 5.42,
        "roa": 2.11,
        "operating_margin": 0.77,
        "cost_ratio": 6.23,
        "sga_ratio": 78.05
      },
      {
        "fiscal_year": "2012/03",
        "sales": 28800.0,
        "operating_profit": 1630.0,
        "ordinary_profit": 1430.0,
        "net_profit": 609.0,
        "eps": 790.0,
        "roe": 10.37,
        "roa": 3.94,
        "operating_margin": 1.43,
        "cost_ratio": 5.67,
        "sga_ratio": 79.14
      },
      {
        "fiscal_year": "2013/03",
        "sales": 27700.0,
        "operating_profit": 1080.0,
        "ordinary_profit": 989.0,
        "net_profit": 542.0,
        "eps": 614.0,
        "roe": 9.23,
        "roa": 3.44,
        "operating_margin": 1.21,
        "cost_ratio": 3.91,
        "sga_ratio": 80.48
      },
      {
        "fiscal_year": "2014/03",
        "sales": 28500.0,
        "operating_profit": 1290.0,
        "ordinary_profit": 1030.0,
        "net_profit": 455.0,
        "eps": 645.0,
        "roe": 8.74,
        "roa": 2.89,
        "operating_margin": 0.99,
        "cost_ratio": 4.53,
        "sga_ratio": 79.67
      },
      {
        "fiscal_year": "2015/03",
        "sales": 28700.0,
        "operating_profit": 1220.0,
        "ordinary_profit": 886.0,
        "net_profit": 285.0,
        "eps": 589.0,
        "roe": 5.47,
        "roa": 1.82,
        "operating_margin": 0.65,
        "cost_ratio": 4.25,
        "sga_ratio": 79.76
      },
      {
        "fiscal_year": "2016/03",
        "sales": 29200.0,
        "operating_profit": 1760.0000000000002,
        "ordinary_profit": 1130.0,
        "net_profit": 541.0,
        "eps": 538.0,
        "roe": 10.4,
        "roa": 3.43,
        "operating_margin": 1.28,
        "cost_ratio": 6.03,
        "sga_ratio": 77.88
      },
      {
        "fiscal_year": "2017/03",
        "sales": 27000.0,
        "operating_profit": 709.0,
        "ordinary_profit": 513.0,
        "net_profit": 328.0,
        "eps": 636.0,
        "roe": 6.3,
        "roa": 2.03,
        "operating_margin": 0.77,
        "cost_ratio": 2.62,
        "sga_ratio": 79.78
      },
      {
        "fiscal_year": "2018/03",
        "sales": 28800.0,
        "operating_profit": 822.0000000000001,
        "ordinary_profit": 703.0,
        "net_profit": 424.0,
        "eps": 922.0000000000001,
        "roe": 81.49,
        "roa": 2.49,
        "operating_margin": 1.0,
        "cost_ratio": 2.86,
        "sga_ratio": 80.67
      },
      {
        "fiscal_year": "2019/03",
        "sales": 28900.0,
        "operating_profit": 610.0,
        "ordinary_profit": 558.0,
        "net_profit": 28.000000000000004,
        "eps": -153.0,
        "roe": 4.78,
        "roa": 0.14,
        "operating_margin": 0.07,
        "cost_ratio": 2.11,
        "sga_ratio": 81.62
      },
      {
        "fiscal_year": "2020/03",
        "sales": 30300.0,
        "operating_profit": 911.9999999999999,
        "ordinary_profit": 785.0,
        "net_profit": 430.0,
        "eps": 369.0,
        "roe": 72.73,
        "roa": 2.19,
        "operating_margin": 1.09,
        "cost_ratio": 3.01,
        "sga_ratio": 81.27
      },
      {
        "fiscal_year": "2021/03",
        "sales": 26800.0,
        "operating_profit": -166.0,
        "ordinary_profit": 138.0,
        "net_profit": 208.0,
        "eps": 555.0,
        "roe": 35.19,
        "roa": 1.04,
        "operating_margin": 0.52,
        "cost_ratio": -0.62,
        "sga_ratio": 84.4
      },
      {
        "fiscal_year": "2022/03",
        "sales": 29400.0,
        "operating_profit": 748.0,
        "ordinary_profit": 875.0,
        "net_profit": 599.0,
        "eps": 1070.0,
        "roe": 101.62,
        "roa": 2.84,
        "operating_margin": 1.44,
        "cost_ratio": 2.54,
        "sga_ratio": 82.67
      },
      {
        "fiscal_year": "2023/03",
        "sales": 31300.0,
        "operating_profit": 938.0000000000001,
        "ordinary_profit": 1040.0,
        "net_profit": 832.0,
        "eps": 952.9999999999999,
        "roe": 140.76,
        "roa": 3.83,
        "operating_margin": 1.98,
        "cost_ratio": 3.0,
        "sga_ratio": 82.66
      },
      {
        "fiscal_year": "2024/03",
        "sales": 32700.0,
        "operating_profit": 1019.9999999999999,
        "ordinary_profit": 1070.0,
        "net_profit": 906.0,
        "eps": 1410.0,
        "roe": 153.29,
        "roa": 3.97,
        "operating_margin": 2.1,
        "cost_ratio": 3.13,
        "sga_ratio": 83.01
      },
      {
        "fiscal_year": "2025/03",
        "sales": 34800.0,
        "operating_profit": 950.0,
        "ordinary_profit": 950.0,
        "net_profit": 670.0,
        "roe": 113.37,
        "roa": 2.9,
        "operating_margin": 1.52,
        "cost_ratio": 2.73
      }
    ],
    "dividend_data": [
      {
        "fiscal_year": "2010/03",
        "total_dividend": 5.0,
        "dividend_yield": 3.14
      },
      {
        "fiscal_year": "2011/03",
        "total_dividend": 5.0,
        "dividend_yield": 3.36
      },
      {
        "fiscal_year": "2012/03",
        "total_dividend": 5.0,
        "dividend_yield": 3.31
      },
      {
        "fiscal_year": "2013/03",
        "total_dividend": 5.0,
        "dividend_yield": 3.4
      },
      {
        "fiscal_year": "2021/03",
        "total_dividend": 10.0,
        "dividend_yield": 1.11
      }
    ]
  },
  {
    "code": 5695,
    "name": "パウダーテック",
    "annual_data": [
      {
        "date": "2010/03/29",
        "per": 16.62,
        "pbr": 0.69,
        "is_per_red": false,
        "is_pbr_red": false
      },
      {
        "date": "2011/03/28",
        "per": 6.76,
        "pbr": 0.71,
        "is_per_red": false,
        "is_pbr_red": false
      },
      {
        "date": "2012/03/30",
        "per": 7.04,
        "pbr": 0.65,
        "is_per_red": false,
        "is_pbr_red": false
      },
      {
        "date": "2013/03/29",
        "per": 6.95,
        "pbr": 0.6,
        "is_per_red": false,
        "is_pbr_red": false
      },
      {
        "date": "2014/03/31",
        "per": 7.15,
        "pbr": 0.7,
        "is_per_red": false,
        "is_pbr_red": false
      },
      {
        "date": "2015/03/27",
        "per": 8.28,
        "pbr": 0.81,
        "is_per_red": false,
        "is_pbr_red": false
      },
      {
        "date": "2016/03/29",
        "per": 6.6,
        "pbr": 0.68,
        "is_per_red": false,
        "is_pbr_red": false
      },
      {
        "date": "2017/03/31",
        "per": 9.02,
        "pbr": 1.08,
        "is_per_red": false,
        "is_pbr_red": false
      },
      {
        "date": "2018/03/30",
        "per": 11.23,
        "pbr": 1.35,
        "is_per_red": false,
        "is_pbr_red": false
      },
      {
        "date": "2019/03/29",
        "per": 7.93,
        "pbr": 0.76,
        "is_per_red": false,
        "is_pbr_red": false
      },
      {
        "date": "2020/03/31",
        "per": 8.65,
        "pbr": 0.79,
        "is_per_red": false,
        "is_pbr_red": false
      },
      {
        "date": "2021/03/30",
        "per": 49.95,
        "pbr": 0.72,
        "is_per_red": false,
        "is_pbr_red": false
      },
      {
        "date": "2022/03/31",
        "per": 8.89,
        "pbr": 0.59,
        "is_per_red": false,
        "is_pbr_red": false
      },
      {
        "date": "2023/03/31",
        "per": 11.87,
        "pbr": 0.51,
        "is_per_red": false,
        "is_pbr_red": false
      },
      {
        "date": "2024/03/29",
        "per": 24.31,
        "pbr": 0.54,
        "is_per_red": false,
        "is_pbr_red": false
      }
    ],
    "daily_data": [],
    "financial_data": [
      {
        "fiscal_year": "2008/03",
        "sales": 8980.0,
        "operating_profit": 645.0,
        "ordinary_profit": 605.0,
        "net_profit": 345.0,
        "roa": 6.75,
        "operating_margin": 4.34,
        "cost_ratio": 7.18,
        "sga_ratio": 78.71
      },
      {
        "fiscal_year": "2009/03",
        "sales": 9260.0,
        "operating_profit": 462.0,
        "ordinary_profit": 487.0,
        "net_profit": 238.0,
        "roa": 4.56,
        "operating_margin": 2.63,
        "cost_ratio": 4.99,
        "sga_ratio": 81.12
      },
      {
        "fiscal_year": "2010/03",
        "sales": 8260.0,
        "operating_profit": 445.0,
        "ordinary_profit": 413.0,
        "net_profit": 219.0,
        "roe": 14.74,
        "roa": 4.12,
        "operating_margin": 2.51,
        "cost_ratio": 5.39,
        "sga_ratio": 80.77
      },
      {
        "fiscal_year": "2011/03",
        "sales": 9380.0,
        "operating_profit": 1140.0,
        "ordinary_profit": 1120.0,
        "net_profit": 611.0,
        "eps": 608.0,
        "roe": 41.12,
        "roa": 10.51,
        "operating_margin": 6.47,
        "cost_ratio": 12.11,
        "sga_ratio": 74.03
      },
      {
        "fiscal_year": "2012/03",
        "sales": 9880.0,
        "operating_profit": 1110.0,
        "ordinary_profit": 1110.0,
        "net_profit": 572.0,
        "eps": 565.0,
        "roe": 38.51,
        "roa": 9.18,
        "operating_margin": 5.96,
        "cost_ratio": 11.28,
        "sga_ratio": 75.33
      },
      {
        "fiscal_year": "2013/03",
        "sales": 9360.0,
        "operating_profit": 986.9999999999999,
        "ordinary_profit": 981.0,
        "net_profit": 577.0,
        "eps": 579.0,
        "roe": 38.87,
        "roa": 8.67,
        "operating_margin": 6.04,
        "cost_ratio": 10.55,
        "sga_ratio": 75.68
      },
      {
        "fiscal_year": "2014/03",
        "sales": 9320.0,
        "operating_profit": 1220.0,
        "ordinary_profit": 1220.0,
        "net_profit": 713.0,
        "eps": 729.0,
        "roe": 48.1,
        "roa": 9.85,
        "operating_margin": 6.95,
        "cost_ratio": 13.15,
        "sga_ratio": 73.21
      },
      {
        "fiscal_year": "2015/03",
        "sales": 9920.0,
        "operating_profit": 1280.0,
        "ordinary_profit": 1290.0,
        "net_profit": 763.0,
        "eps": 763.0,
        "roe": 51.47,
        "roa": 9.75,
        "operating_margin": 6.82,
        "cost_ratio": 12.91,
        "sga_ratio": 73.94
      },
      {
        "fiscal_year": "2016/03",
        "sales": 9590.0,
        "operating_profit": 1340.0,
        "ordinary_profit": 1320.0,
        "net_profit": 885.0,
        "eps": 886.9999999999999,
        "roe": 59.7,
        "roa": 10.37,
        "operating_margin": 7.41,
        "cost_ratio": 13.95,
        "sga_ratio": 71.81
      },
      {
        "fiscal_year": "2017/03",
        "sales": 10300.0,
        "operating_profit": 1689.9999999999998,
        "ordinary_profit": 1680.0,
        "net_profit": 1130.0,
        "eps": 1130.0,
        "roe": 76.52,
        "roa": 12.01,
        "operating_margin": 8.83,
        "cost_ratio": 16.39,
        "sga_ratio": 69.72
      },
      {
        "fiscal_year": "2018/03",
        "sales": 10900.0,
        "operating_profit": 1820.0,
        "ordinary_profit": 1789.9999999999998,
        "net_profit": 1260.0,
        "eps": 1260.0,
        "roe": 425.11,
        "roa": 12.05,
        "operating_margin": 8.85,
        "cost_ratio": 16.59,
        "sga_ratio": 70.13
      },
      {
        "fiscal_year": "2019/03",
        "sales": 10800.0,
        "operating_profit": 1480.0,
        "ordinary_profit": 1490.0,
        "net_profit": 1080.0,
        "eps": 1070.0,
        "roe": 362.98,
        "roa": 9.57,
        "operating_margin": 7.42,
        "cost_ratio": 13.7,
        "sga_ratio": 71.33
      },
      {
        "fiscal_year": "2020/03",
        "sales": 10700.0,
        "operating_profit": 1580.0,
        "ordinary_profit": 1580.0,
        "net_profit": 1090.0,
        "eps": 1090.0,
        "roe": 369.36,
        "roa": 9.08,
        "operating_margin": 7.17,
        "cost_ratio": 14.78,
        "sga_ratio": 69.75
      },
      {
        "fiscal_year": "2021/03",
        "sales": 7709.999999999999,
        "operating_profit": 269.0,
        "ordinary_profit": 277.0,
        "net_profit": 173.0,
        "eps": 164.0,
        "roe": 58.5,
        "roa": 1.47,
        "operating_margin": 1.23,
        "cost_ratio": 3.49,
        "sga_ratio": 77.99
      },
      {
        "fiscal_year": "2022/03",
        "sales": 8840.0,
        "operating_profit": 1120.0,
        "ordinary_profit": 1140.0,
        "net_profit": 818.0,
        "eps": 819.0,
        "roe": 282.29,
        "roa": 6.63,
        "operating_margin": 5.3,
        "cost_ratio": 12.62,
        "sga_ratio": 70.61
      },
      {
        "fiscal_year": "2023/03",
        "sales": 8830.0,
        "operating_profit": 701.0,
        "ordinary_profit": 741.0,
        "net_profit": 544.0,
        "eps": 557.0,
        "roe": 187.84,
        "roa": 4.3,
        "operating_margin": 3.69,
        "cost_ratio": 7.93,
        "sga_ratio": 73.87
      },
      {
        "fiscal_year": "2024/03",
        "sales": 8550.0,
        "operating_profit": 405.99999999999994,
        "ordinary_profit": 478.0,
        "net_profit": 281.0,
        "eps": 278.0,
        "roe": 96.84,
        "roa": 2.21,
        "operating_margin": 1.87,
        "cost_ratio": 4.75,
        "sga_ratio": 76.4
      },
      {
        "fiscal_year": "2025/03",
        "sales": 8830.0,
        "operating_profit": 459.99999999999994,
        "ordinary_profit": 509.99999999999994,
        "net_profit": 370.0,
        "roe": 127.46,
        "roa": 2.94,
        "operating_margin": 2.48,
        "cost_ratio": 5.21
      }
    ],
    "dividend_data": [
      {
        "fiscal_year": "2010/03",
        "total_dividend": 2.86
      },
      {
        "fiscal_year": "2011/03",
        "total_dividend": 3.6
      },
      {
        "fiscal_year": "2012/03",
        "total_dividend": 3.69
      },
      {
        "fiscal_year": "2013/03",
        "total_dividend": 3.7
      }
    ]
  },
  {
    "code": 5697,
    "name": "サンユウ",
    "annual_data": [
      {
        "date": "2010/03/17",
        "per": -1,
        "pbr": 0.34,
        "is_per_red": true,
        "is_pbr_red": false
      },
      {
        "date": "2011/03/23",
        "per": 15.6,
        "pbr": 0.33,
        "is_per_red": false,
        "is_pbr_red": false
      },
      {
        "date": "2012/03/15",
        "per": -1,
        "pbr": 0.34,
        "is_per_red": true,
        "is_pbr_red": false
      },
      {
        "date": "2013/03/29",
        "per": 161.46,
        "pbr": 0.28,
        "is_per_red": false,
        "is_pbr_red": false
      },
      {
        "date": "2014/03/31",
        "per": 18.07,
        "pbr": 0.26,
        "is_per_red": false,
        "is_pbr_red": false
      },
      {
        "date": "2015/03/31",
        "per": 10.66,
        "pbr": 0.3,
        "is_per_red": false,
        "is_pbr_red": false
      },
      {
        "date": "2016/03/31",
        "per": 10.84,
        "pbr": 0.26,
        "is_per_red": false,
        "is_pbr_red": false
      },
      {
        "date": "2017/03/31",
        "per": 11.04,
        "pbr": 0.3,
        "is_per_red": false,
        "is_pbr_red": false
      },
      {
        "date": "2018/03/30",
        "per": 8.45,
        "pbr": 0.46,
        "is_per_red": false,
        "is_pbr_red": false
      },
      {
        "date": "2019/03/29",
        "per": 7.14,
        "pbr": 0.37,
        "is_per_red": false,
        "is_pbr_red": false
      },
      {
        "date": "2020/03/31",
        "per": 11.48,
        "pbr": 0.23,
        "is_per_red": false,
        "is_pbr_red": false
      },
      {
        "date": "2021/03/31",
        "per": 21.39,
        "pbr": 0.3,
        "is_per_red": false,
        "is_pbr_red": false
      },
      {
        "date": "2022/03/31",
        "per": 5.72,
        "pbr": 0.44,
        "is_per_red": false,
        "is_pbr_red": false
      },
      {
        "date": "2023/03/31",
        "per": 6.24,
        "pbr": 0.44,
        "is_per_red": false,
        "is_pbr_red": false
      },
      {
        "date": "2024/03/29",
        "per": 8.86,
        "pbr": 0.36,
        "is_per_red": false,
        "is_pbr_red": false
      }
    ],
    "daily_data": [],
    "financial_data": [
      {
        "fiscal_year": "2008/03",
        "sales": 13300.0,
        "operating_profit": 882.0,
        "ordinary_profit": 914.0,
        "net_profit": 523.0,
        "roa": 8.51,
        "operating_margin": 4.3,
        "cost_ratio": 6.62,
        "sga_ratio": 84.8
      },
      {
        "fiscal_year": "2009/03",
        "sales": 12100.0,
        "operating_profit": 432.0,
        "ordinary_profit": 455.0,
        "net_profit": 103.0,
        "roa": 1.47,
        "operating_margin": 0.9,
        "cost_ratio": 3.57,
        "sga_ratio": 86.91
      },
      {
        "fiscal_year": "2010/03",
        "sales": 10100.0,
        "operating_profit": -195.0,
        "ordinary_profit": -159.0,
        "net_profit": -117.0,
        "roe": -19.22,
        "roa": -1,
        "operating_margin": -1,
        "cost_ratio": -1.94,
        "sga_ratio": 91.07
      },
      {
        "fiscal_year": "2011/03",
        "sales": 12900.0,
        "operating_profit": 332.0,
        "ordinary_profit": 350.0,
        "net_profit": 144.0,
        "eps": 79.0,
        "roe": 23.72,
        "roa": 2.1,
        "operating_margin": 1.0,
        "cost_ratio": 2.57,
        "sga_ratio": 87.16
      },
      {
        "fiscal_year": "2012/03",
        "sales": 14800.0,
        "operating_profit": 183.0,
        "ordinary_profit": 166.0,
        "net_profit": -30.0,
        "eps": -19.0,
        "roe": -4.91,
        "roa": -1,
        "operating_margin": -1,
        "cost_ratio": 1.24,
        "sga_ratio": 87.98
      },
      {
        "fiscal_year": "2013/03",
        "sales": 14400.0,
        "operating_profit": 83.0,
        "ordinary_profit": 88.0,
        "net_profit": 12.0,
        "eps": -30.0,
        "roe": 1.92,
        "roa": 0.17,
        "operating_margin": 0.08,
        "cost_ratio": 0.58,
        "sga_ratio": 88.2
      },
      {
        "fiscal_year": "2014/03",
        "sales": 15700.0,
        "operating_profit": 163.0,
        "ordinary_profit": 169.0,
        "net_profit": 99.0,
        "eps": 99.0,
        "roe": 16.6,
        "roa": 1.46,
        "operating_margin": 0.67,
        "cost_ratio": 1.04,
        "sga_ratio": 87.72
      },
      {
        "fiscal_year": "2015/03",
        "sales": 16200.0,
        "operating_profit": 275.0,
        "ordinary_profit": 302.0,
        "net_profit": 195.0,
        "eps": 195.0,
        "roe": 32.56,
        "roa": 2.8,
        "operating_margin": 1.32,
        "cost_ratio": 1.7,
        "sga_ratio": 87.21
      },
      {
        "fiscal_year": "2016/03",
        "sales": 15400.0,
        "operating_profit": 238.0,
        "ordinary_profit": 264.0,
        "net_profit": 174.0,
        "eps": 174.0,
        "roe": 28.77,
        "roa": 2.44,
        "operating_margin": 1.25,
        "cost_ratio": 1.54,
        "sga_ratio": 86.66
      },
      {
        "fiscal_year": "2017/03",
        "sales": 15400.0,
        "operating_profit": 292.0,
        "ordinary_profit": 313.0,
        "net_profit": 195.0,
        "eps": 199.0,
        "roe": 32.24,
        "roa": 2.67,
        "operating_margin": 1.4,
        "cost_ratio": 1.9,
        "sga_ratio": 86.04
      },
      {
        "fiscal_year": "2018/03",
        "sales": 17200.0,
        "operating_profit": 493.0,
        "ordinary_profit": 531.0,
        "net_profit": 418.0,
        "eps": 418.0,
        "roe": 69.19,
        "roa": 5.46,
        "operating_margin": 2.89,
        "cost_ratio": 2.86,
        "sga_ratio": 86.21
      },
      {
        "fiscal_year": "2019/03",
        "sales": 19600.0,
        "operating_profit": 695.0,
        "ordinary_profit": 699.0,
        "net_profit": 421.0,
        "eps": 466.0,
        "roe": 69.62,
        "roa": 5.24,
        "operating_margin": 2.26,
        "cost_ratio": 3.55,
        "sga_ratio": 86.02
      },
      {
        "fiscal_year": "2020/03",
        "sales": 20400.0,
        "operating_profit": 345.0,
        "ordinary_profit": 376.0,
        "net_profit": 158.0,
        "eps": 200.0,
        "roe": 26.22,
        "roa": 1.96,
        "operating_margin": 0.97,
        "cost_ratio": 1.69,
        "sga_ratio": 86.62
      },
      {
        "fiscal_year": "2021/03",
        "sales": 17100.0,
        "operating_profit": 147.0,
        "ordinary_profit": 353.0,
        "net_profit": 113.0,
        "eps": 158.0,
        "roe": 18.65,
        "roa": 1.38,
        "operating_margin": 0.65,
        "cost_ratio": 0.86,
        "sga_ratio": 86.85
      },
      {
        "fiscal_year": "2022/03",
        "sales": 21100.0,
        "operating_profit": 1070.0,
        "ordinary_profit": 1170.0,
        "net_profit": 670.0,
        "eps": 775.0,
        "roe": 110.79,
        "roa": 7.63,
        "operating_margin": 3.63,
        "cost_ratio": 5.09,
        "sga_ratio": 84.1
      },
      {
        "fiscal_year": "2023/03",
        "sales": 23900.0,
        "operating_profit": 966.0,
        "ordinary_profit": 1040.0,
        "net_profit": 646.0,
        "eps": 736.0,
        "roe": 106.86,
        "roa": 7.0,
        "operating_margin": 3.31,
        "cost_ratio": 4.04,
        "sga_ratio": 85.2
      },
      {
        "fiscal_year": "2024/03",
        "sales": 24000.0,
        "operating_profit": 596.0,
        "ordinary_profit": 654.0,
        "net_profit": 387.0,
        "eps": 438.0,
        "roe": 64.0,
        "roa": 4.1,
        "operating_margin": 1.98,
        "cost_ratio": 2.48,
        "sga_ratio": 87.29
      },
      {
        "fiscal_year": "2025/03",
        "sales": 26000.0,
        "operating_profit": 570.0,
        "ordinary_profit": 620.0,
        "net_profit": 360.0,
        "roe": 59.56,
        "roa": 3.79,
        "operating_margin": 1.89,
        "cost_ratio": 2.19
      }
    ],
    "dividend_data": [
      {
        "fiscal_year": "2010/03",
        "total_dividend": 1.82
      },
      {
        "fiscal_year": "2011/03",
        "total_dividend": 1.89
      },
      {
        "fiscal_year": "2012/03",
        "total_dividend": 1.84
      },
      {
        "fiscal_year": "2013/03",
        "total_dividend": 1.61
      }
    ]
  },
  {
    "code": 5698,
    "name": "エンビプロ・ホールディングス",
    "annual_data": [
      {
        "date": "2014/06/30",
        "per": 6.18,
        "pbr": 0.52,
        "is_per_red": false,
        "is_pbr_red": false
      },
      {
        "date": "2015/06/30",
        "per": 6.72,
        "pbr": 0.6,
        "is_per_red": false,
        "is_pbr_red": false
      },
      {
        "date": "2016/06/30",
        "per": 5.76,
        "pbr": 0.45,
        "is_per_red": false,
        "is_pbr_red": false
      },
      {
        "date": "2017/06/30",
        "per": 5.93,
        "pbr": 0.52,
        "is_per_red": false,
        "is_pbr_red": false
      },
      {
        "date": "2018/06/29",
        "per": 11.45,
        "pbr": 1.02,
        "is_per_red": false,
        "is_pbr_red": false
      },
      {
        "date": "2019/06/28",
        "per": 11.33,
        "pbr": 0.78,
        "is_per_red": false,
        "is_pbr_red": false
      },
      {
        "date": "2020/06/30",
        "per": 14.23,
        "pbr": 0.74,
        "is_per_red": false,
        "is_pbr_red": false
      },
      {
        "date": "2021/06/30",
        "per": 12.14,
        "pbr": 1.4,
        "is_per_red": false,
        "is_pbr_red": false
      },
      {
        "date": "2022/06/30",
        "per": 7.55,
        "pbr": 1.49,
        "is_per_red": false,
        "is_pbr_red": false
      },
      {
        "date": "2023/06/30",
        "per": 13.26,
        "pbr": 1.0,
        "is_per_red": false,
        "is_pbr_red": false
      },
      {
        "date": "2024/06/28",
        "per": 26.8,
        "pbr": 0.87,
        "is_per_red": false,
        "is_pbr_red": false
      }
    ],
    "daily_data": [],
    "financial_data": [
      {
        "fiscal_year": "2010/06",
        "ordinary_profit": -4.0,
        "net_profit": -4.0,
        "roe": -0.11
      },
      {
        "fiscal_year": "2011/06",
        "sales": 31100.0,
        "operating_profit": 639.0,
        "ordinary_profit": 740.0,
        "net_profit": 377.0,
        "eps": 397.0,
        "roe": 10.23,
        "roa": 8.23,
        "operating_margin": 3.22,
        "cost_ratio": 2.06,
        "sga_ratio": 85.28
      },
      {
        "fiscal_year": "2012/06",
        "sales": 32900.0,
        "operating_profit": -1.0,
        "ordinary_profit": 34.0,
        "net_profit": -98.0,
        "eps": -97.0,
        "roe": -2.65,
        "roa": -1,
        "operating_margin": -1,
        "cost_ratio": -0.0,
        "sga_ratio": 86.88
      },
      {
        "fiscal_year": "2013/06",
        "sales": 38000.0,
        "operating_profit": 827.0,
        "ordinary_profit": 893.0,
        "net_profit": 864.0,
        "eps": 885.0,
        "roe": 23.47,
        "roa": 16.1,
        "operating_margin": 7.2,
        "cost_ratio": 2.18,
        "sga_ratio": 84.02
      },
      {
        "fiscal_year": "2014/06",
        "sales": 35800.0,
        "operating_profit": 505.0,
        "ordinary_profit": 726.0,
        "net_profit": 552.0,
        "eps": 555.0,
        "roe": 11.48,
        "roa": 7.79,
        "operating_margin": 4.21,
        "cost_ratio": 1.41,
        "sga_ratio": 83.81
      },
      {
        "fiscal_year": "2015/06",
        "sales": 32500.0,
        "operating_profit": 744.0,
        "ordinary_profit": 1000.0,
        "net_profit": 685.0,
        "eps": 718.0,
        "roe": 13.25,
        "roa": 8.89,
        "operating_margin": 4.74,
        "cost_ratio": 2.29,
        "sga_ratio": 82.23
      },
      {
        "fiscal_year": "2016/06",
        "sales": 29100.0,
        "operating_profit": 731.0,
        "ordinary_profit": 852.9999999999999,
        "net_profit": 629.0,
        "eps": 566.0,
        "roe": 12.16,
        "roa": 7.83,
        "operating_margin": 4.19,
        "cost_ratio": 2.51,
        "sga_ratio": 81.69
      },
      {
        "fiscal_year": "2017/06",
        "sales": 29100.0,
        "operating_profit": 797.0,
        "ordinary_profit": 1000.0,
        "net_profit": 769.0,
        "eps": 816.0,
        "roe": 14.85,
        "roa": 8.86,
        "operating_margin": 4.3,
        "cost_ratio": 2.74,
        "sga_ratio": 80.42
      },
      {
        "fiscal_year": "2018/06",
        "sales": 37500.0,
        "operating_profit": 1000.0,
        "ordinary_profit": 1320.0,
        "net_profit": 841.0,
        "eps": 827.0,
        "roe": 16.16,
        "roa": 7.72,
        "operating_margin": 3.88,
        "cost_ratio": 2.68,
        "sga_ratio": 82.54
      },
      {
        "fiscal_year": "2019/06",
        "sales": 36300.0,
        "operating_profit": 840.0,
        "ordinary_profit": 1140.0,
        "net_profit": 787.0,
        "eps": 761.0,
        "roe": 13.24,
        "roa": 7.03,
        "operating_margin": 3.98,
        "cost_ratio": 2.31,
        "sga_ratio": 82.24
      },
      {
        "fiscal_year": "2020/06",
        "sales": 33900.0,
        "operating_profit": 790.0,
        "ordinary_profit": 935.0,
        "net_profit": 602.0,
        "eps": 643.0,
        "roe": 10.26,
        "roa": 5.17,
        "operating_margin": 2.32,
        "cost_ratio": 2.33,
        "sga_ratio": 79.75
      },
      {
        "fiscal_year": "2021/06",
        "sales": 40900.0,
        "operating_profit": 2130.0,
        "ordinary_profit": 2510.0,
        "net_profit": 1490.0,
        "eps": 1440.0,
        "roe": 25.29,
        "roa": 11.51,
        "operating_margin": 5.62,
        "cost_ratio": 5.2,
        "sga_ratio": 79.56
      },
      {
        "fiscal_year": "2022/06",
        "sales": 57300.0,
        "operating_profit": 3340.0,
        "ordinary_profit": 4170.0,
        "net_profit": 3110.0,
        "eps": 3210.0,
        "roe": 105.2,
        "roa": 19.68,
        "operating_margin": 10.74,
        "cost_ratio": 5.83,
        "sga_ratio": 81.46
      },
      {
        "fiscal_year": "2023/06",
        "sales": 49200.0,
        "operating_profit": 1540.0,
        "ordinary_profit": 1900.0,
        "net_profit": 1240.0,
        "eps": 1310.0,
        "roe": 41.64,
        "roa": 7.54,
        "operating_margin": 3.67,
        "cost_ratio": 3.14,
        "sga_ratio": 82.72
      },
      {
        "fiscal_year": "2024/06",
        "sales": 52200.0,
        "operating_profit": 1410.0,
        "ordinary_profit": 1780.0,
        "net_profit": 537.0,
        "eps": 596.0,
        "roe": 17.87,
        "roa": 3.21,
        "operating_margin": 1.59,
        "cost_ratio": 2.7,
        "sga_ratio": 83.76
      },
      {
        "fiscal_year": "2025/06",
        "sales": 53500.0,
        "operating_profit": 1500.0,
        "ordinary_profit": 2000.0,
        "net_profit": 1480.0,
        "roe": 48.84,
        "roa": 8.96,
        "operating_margin": 4.52,
        "cost_ratio": 2.8
      }
    ],
    "dividend_data": [
      {
        "fiscal_year": "2013/03",
        "total_dividend": 1.25
      }
    ]
  },
  {
    "code": 5699,
    "name": "イボキン",
    "annual_data": [
      {
        "date": "2018/12/28",
        "per": 9.1,
        "pbr": 0.97,
        "is_per_red": false,
        "is_pbr_red": false
      },
      {
        "date": "2019/12/30",
        "per": 17.22,
        "pbr": 1.69,
        "is_per_red": false,
        "is_pbr_red": false
      },
      {
        "date": "2020/12/30",
        "per": 12.89,
        "pbr": 1.23,
        "is_per_red": false,
        "is_pbr_red": false
      },
      {
        "date": "2021/12/30",
        "per": 12.2,
        "pbr": 1.72,
        "is_per_red": false,
        "is_pbr_red": false
      },
      {
        "date": "2022/12/30",
        "per": 13.8,
        "pbr": 1.25,
        "is_per_red": false,
        "is_pbr_red": false
      },
      {
        "date": "2023/12/29",
        "per": 9.37,
        "pbr": 0.92,
        "is_per_red": false,
        "is_pbr_red": false
      }
    ],
    "daily_data": [],
    "financial_data": [
      {
        "fiscal_year": "2013/12",
        "sales": 5390.0,
        "ordinary_profit": 155.0,
        "net_profit": 79.0,
        "roe": 24.54,
        "operating_margin": 2.83
      },
      {
        "fiscal_year": "2014/12",
        "sales": 5850.0,
        "ordinary_profit": 150.0,
        "net_profit": 35.0,
        "roe": 10.94,
        "operating_margin": 1.3
      },
      {
        "fiscal_year": "2015/12",
        "sales": 5070.0,
        "ordinary_profit": 165.0,
        "net_profit": 40.0,
        "roe": 12.37,
        "operating_margin": 1.5
      },
      {
        "fiscal_year": "2016/12",
        "sales": 4140.0,
        "operating_profit": 81.0,
        "ordinary_profit": 91.0,
        "net_profit": 46.0,
        "roe": 14.13,
        "roa": 3.87,
        "operating_margin": 1.77,
        "cost_ratio": 1.96,
        "sga_ratio": 84.44
      },
      {
        "fiscal_year": "2017/12",
        "sales": 5700.0,
        "operating_profit": 266.0,
        "ordinary_profit": 278.0,
        "net_profit": 200.0,
        "eps": 211.0,
        "roe": 61.73,
        "roa": 14.34,
        "operating_margin": 5.55,
        "cost_ratio": 4.67,
        "sga_ratio": 84.03
      },
      {
        "fiscal_year": "2018/12",
        "sales": 6470.0,
        "operating_profit": 281.0,
        "ordinary_profit": 317.0,
        "net_profit": 223.0,
        "eps": 211.0,
        "roe": 81.51,
        "roa": 8.49,
        "operating_margin": 4.64,
        "cost_ratio": 4.34,
        "sga_ratio": 84.39
      },
      {
        "fiscal_year": "2019/12",
        "sales": 6250.0,
        "operating_profit": 305.0,
        "ordinary_profit": 351.0,
        "net_profit": 282.0,
        "eps": 286.0,
        "roe": 82.17,
        "roa": 9.86,
        "operating_margin": 6.12,
        "cost_ratio": 4.88,
        "sga_ratio": 81.8
      },
      {
        "fiscal_year": "2020/12",
        "sales": 5450.0,
        "operating_profit": 327.0,
        "ordinary_profit": 409.0,
        "net_profit": 286.0,
        "eps": 229.0,
        "roe": 84.46,
        "roa": 9.55,
        "operating_margin": 5.54,
        "cost_ratio": 6.01,
        "sga_ratio": 79.5
      },
      {
        "fiscal_year": "2021/12",
        "sales": 8430.0,
        "operating_profit": 787.0,
        "ordinary_profit": 810.0,
        "net_profit": 510.0,
        "eps": 672.0,
        "roe": 150.27,
        "roa": 14.08,
        "operating_margin": 8.84,
        "cost_ratio": 9.33,
        "sga_ratio": 81.05
      },
      {
        "fiscal_year": "2022/12",
        "sales": 7959.999999999999,
        "operating_profit": 487.0,
        "ordinary_profit": 526.0,
        "net_profit": 346.0,
        "eps": 305.0,
        "roe": 102.88,
        "roa": 9.1,
        "operating_margin": 6.51,
        "cost_ratio": 6.11,
        "sga_ratio": 83.03
      },
      {
        "fiscal_year": "2023/12",
        "sales": 8660.0,
        "operating_profit": 584.0,
        "ordinary_profit": 605.0,
        "net_profit": 396.0,
        "eps": 345.0,
        "roe": 119.48,
        "roa": 9.84,
        "operating_margin": 6.9,
        "cost_ratio": 6.75,
        "sga_ratio": 82.53
      },
      {
        "fiscal_year": "2024/12",
        "sales": 9220.0,
        "operating_profit": 613.0,
        "ordinary_profit": 624.0,
        "net_profit": 400.0,
        "roe": 116.71,
        "roa": 9.04,
        "operating_margin": 6.52,
        "cost_ratio": 6.65
      }
    ],
    "dividend_data": [
      {
        "fiscal_year": "2017/03",
        "total_dividend": 0.0
      }
    ]
  },
  {
    "code": 6319,
    "name": "シンニッタン",
    "annual_data": [
      {
        "date": "2010/03/31",
        "per": -1,
        "pbr": 0.37,
        "is_per_red": true,
        "is_pbr_red": false
      },
      {
        "date": "2011/03/31",
        "per": 7.27,
        "pbr": 0.48,
        "is_per_red": false,
        "is_pbr_red": false
      },
      {
        "date": "2012/03/30",
        "per": 21.47,
        "pbr": 0.67,
        "is_per_red": false,
        "is_pbr_red": false
      },
      {
        "date": "2013/03/29",
        "per": 9.35,
        "pbr": 0.5,
        "is_per_red": false,
        "is_pbr_red": false
      },
      {
        "date": "2014/03/31",
        "per": 7.78,
        "pbr": 0.39,
        "is_per_red": false,
        "is_pbr_red": false
      },
      {
        "date": "2015/03/31",
        "per": 10.63,
        "pbr": 0.51,
        "is_per_red": false,
        "is_pbr_red": false
      },
      {
        "date": "2016/03/31",
        "per": 14.43,
        "pbr": 0.61,
        "is_per_red": false,
        "is_pbr_red": false
      },
      {
        "date": "2017/03/31",
        "per": 15.77,
        "pbr": 0.57,
        "is_per_red": false,
        "is_pbr_red": false
      },
      {
        "date": "2018/03/30",
        "per": 14.59,
        "pbr": 0.71,
        "is_per_red": false,
        "is_pbr_red": false
      },
      {
        "date": "2019/03/29",
        "per": 13.43,
        "pbr": 0.58,
        "is_per_red": false,
        "is_pbr_red": false
      },
      {
        "date": "2020/03/31",
        "per": -1,
        "pbr": 0.34,
        "is_per_red": true,
        "is_pbr_red": false
      },
      {
        "date": "2021/03/31",
        "per": -1,
        "pbr": 0.46,
        "is_per_red": true,
        "is_pbr_red": false
      },
      {
        "date": "2022/03/31",
        "per": 19.11,
        "pbr": 0.36,
        "is_per_red": false,
        "is_pbr_red": false
      },
      {
        "date": "2023/03/31",
        "per": 15.04,
        "pbr": 0.36,
        "is_per_red": false,
        "is_pbr_red": false
      },
      {
        "date": "2024/03/29",
        "per": 11.0,
        "pbr": 0.4,
        "is_per_red": false,
        "is_pbr_red": false
      }
    ],
    "daily_data": [],
    "financial_data": [
      {
        "fiscal_year": "2008/03",
        "sales": 21000.0,
        "operating_profit": 2230.0,
        "ordinary_profit": 3170.0,
        "net_profit": 1710.0000000000002,
        "roa": 7.39,
        "operating_margin": 4.99,
        "cost_ratio": 10.63,
        "sga_ratio": 82.36
      },
      {
        "fiscal_year": "2009/03",
        "sales": 18200.0,
        "operating_profit": 1410.0,
        "ordinary_profit": 2130.0,
        "net_profit": 659.0,
        "roa": 3.06,
        "operating_margin": 2.2,
        "cost_ratio": 7.77,
        "sga_ratio": 86.14
      },
      {
        "fiscal_year": "2010/03",
        "sales": 11600.0,
        "operating_profit": 141.0,
        "ordinary_profit": 386.0,
        "net_profit": -927.9999999999999,
        "roe": -16.01,
        "roa": -1,
        "operating_margin": -1,
        "cost_ratio": 1.22,
        "sga_ratio": 91.09
      },
      {
        "fiscal_year": "2011/03",
        "sales": 18100.0,
        "operating_profit": 1550.0,
        "ordinary_profit": 1960.0000000000002,
        "net_profit": 1470.0,
        "eps": 1330.0,
        "roe": 25.32,
        "roa": 6.67,
        "operating_margin": 4.53,
        "cost_ratio": 8.56,
        "sga_ratio": 85.66
      },
      {
        "fiscal_year": "2012/03",
        "sales": 20600.0,
        "operating_profit": 1820.0,
        "ordinary_profit": 2390.0,
        "net_profit": 694.0,
        "eps": 350.0,
        "roe": 11.97,
        "roa": 3.14,
        "operating_margin": 2.09,
        "cost_ratio": 8.86,
        "sga_ratio": 86.13
      },
      {
        "fiscal_year": "2013/03",
        "sales": 18500.0,
        "operating_profit": 1480.0,
        "ordinary_profit": 2060.0,
        "net_profit": 1290.0,
        "eps": 2120.0,
        "roe": 22.24,
        "roa": 5.39,
        "operating_margin": 4.23,
        "cost_ratio": 8.03,
        "sga_ratio": 86.36
      },
      {
        "fiscal_year": "2014/03",
        "sales": 18900.0,
        "operating_profit": 1520.0,
        "ordinary_profit": 2100.0,
        "net_profit": 1320.0,
        "eps": 2530.0,
        "roe": 25.19,
        "roa": 5.05,
        "operating_margin": 3.96,
        "cost_ratio": 8.06,
        "sga_ratio": 86.22
      },
      {
        "fiscal_year": "2015/03",
        "sales": 20100.0,
        "operating_profit": 1689.9999999999998,
        "ordinary_profit": 2150.0,
        "net_profit": 1390.0,
        "eps": 3000.0,
        "roe": 26.53,
        "roa": 4.83,
        "operating_margin": 3.74,
        "cost_ratio": 8.41,
        "sga_ratio": 85.45
      },
      {
        "fiscal_year": "2016/03",
        "sales": 16600.0,
        "operating_profit": 1310.0,
        "ordinary_profit": 1590.0,
        "net_profit": 1220.0,
        "eps": 265.0,
        "roe": 23.29,
        "roa": 4.26,
        "operating_margin": 3.48,
        "cost_ratio": 7.9,
        "sga_ratio": 85.33
      },
      {
        "fiscal_year": "2017/03",
        "sales": 17200.0,
        "operating_profit": 1570.0,
        "ordinary_profit": 1830.0,
        "net_profit": 1070.0,
        "eps": 1739.9999999999998,
        "roe": 21.3,
        "roa": 3.67,
        "operating_margin": 2.83,
        "cost_ratio": 9.09,
        "sga_ratio": 83.3
      },
      {
        "fiscal_year": "2018/03",
        "sales": 21800.0,
        "operating_profit": 1560.0,
        "ordinary_profit": 1870.0,
        "net_profit": 1510.0,
        "eps": 2160.0,
        "roe": 30.7,
        "roa": 4.88,
        "operating_margin": 3.75,
        "cost_ratio": 7.17,
        "sga_ratio": 85.08
      },
      {
        "fiscal_year": "2019/03",
        "sales": 22800.0,
        "operating_profit": 1720.0,
        "ordinary_profit": 2000.0,
        "net_profit": 1320.0,
        "eps": 264.0,
        "roe": 26.81,
        "roa": 4.29,
        "operating_margin": 3.38,
        "cost_ratio": 7.56,
        "sga_ratio": 84.85
      },
      {
        "fiscal_year": "2020/03",
        "sales": 19400.0,
        "operating_profit": 562.0,
        "ordinary_profit": 881.0,
        "net_profit": -279.0,
        "eps": -426.0,
        "roe": -5.9,
        "roa": -1,
        "operating_margin": -1,
        "cost_ratio": 2.9,
        "sga_ratio": 89.05
      },
      {
        "fiscal_year": "2021/03",
        "sales": 15200.0,
        "operating_profit": -607.0,
        "ordinary_profit": -295.0,
        "net_profit": -548.0,
        "eps": -606.0,
        "roe": -14.94,
        "roa": -1,
        "operating_margin": -1,
        "cost_ratio": -3.99,
        "sga_ratio": 94.01
      },
      {
        "fiscal_year": "2022/03",
        "sales": 17200.0,
        "operating_profit": 523.0,
        "ordinary_profit": 688.0,
        "net_profit": 430.0,
        "eps": 159.0,
        "roe": 11.72,
        "roa": 1.87,
        "operating_margin": 1.2,
        "cost_ratio": 3.03,
        "sga_ratio": 87.74
      },
      {
        "fiscal_year": "2023/03",
        "sales": 21700.0,
        "operating_profit": 814.0,
        "ordinary_profit": 1060.0,
        "net_profit": 595.0,
        "eps": 2050.0,
        "roe": 16.22,
        "roa": 2.42,
        "operating_margin": 1.54,
        "cost_ratio": 3.75,
        "sga_ratio": 88.07
      },
      {
        "fiscal_year": "2024/03",
        "sales": 21600.0,
        "operating_profit": 735.0,
        "ordinary_profit": 1060.0,
        "net_profit": 963.0000000000001,
        "eps": 2480.0,
        "roe": 26.27,
        "roa": 3.61,
        "operating_margin": 2.48,
        "cost_ratio": 3.4,
        "sga_ratio": 88.29
      },
      {
        "fiscal_year": "2025/03",
        "sales": 18300.0,
        "operating_profit": -100.0,
        "ordinary_profit": 325.0,
        "net_profit": 210.0,
        "roe": 5.72,
        "roa": 0.8,
        "operating_margin": 0.56,
        "cost_ratio": -0.55
      }
    ],
    "dividend_data": [
      {
        "fiscal_year": "2010/03",
        "total_dividend": 1.5,
        "dividend_yield": 1.14
      },
      {
        "fiscal_year": "2011/03",
        "total_dividend": 5.0,
        "dividend_yield": 2.72
      },
      {
        "fiscal_year": "2012/03",
        "total_dividend": 5.0,
        "dividend_yield": 1.95
      },
      {
        "fiscal_year": "2013/03",
        "total_dividend": 6.0,
        "dividend_yield": 2.89
      }
    ]
  },
  {
    "code": 7305,
    "name": "新家工業",
    "annual_data": [
      {
        "date": "2010/03/31",
        "per": -1,
        "pbr": 0.41,
        "is_per_red": true,
        "is_pbr_red": false
      },
      {
        "date": "2011/03/31",
        "per": 22.88,
        "pbr": 0.44,
        "is_per_red": false,
        "is_pbr_red": false
      },
      {
        "date": "2012/03/30",
        "per": 20.5,
        "pbr": 0.44,
        "is_per_red": false,
        "is_pbr_red": false
      },
      {
        "date": "2013/03/29",
        "per": -1,
        "pbr": 0.41,
        "is_per_red": true,
        "is_pbr_red": false
      },
      {
        "date": "2014/03/31",
        "per": 20.92,
        "pbr": 0.45,
        "is_per_red": false,
        "is_pbr_red": false
      },
      {
        "date": "2015/03/31",
        "per": 17.94,
        "pbr": 0.51,
        "is_per_red": false,
        "is_pbr_red": false
      },
      {
        "date": "2016/03/31",
        "per": 32.81,
        "pbr": 0.35,
        "is_per_red": false,
        "is_pbr_red": false
      },
      {
        "date": "2017/03/31",
        "per": 9.3,
        "pbr": 0.56,
        "is_per_red": false,
        "is_pbr_red": false
      },
      {
        "date": "2018/03/30",
        "per": 7.39,
        "pbr": 0.5,
        "is_per_red": false,
        "is_pbr_red": false
      },
      {
        "date": "2019/03/29",
        "per": 5.81,
        "pbr": 0.37,
        "is_per_red": false,
        "is_pbr_red": false
      },
      {
        "date": "2020/03/31",
        "per": 8.32,
        "pbr": 0.25,
        "is_per_red": false,
        "is_pbr_red": false
      },
      {
        "date": "2021/03/31",
        "per": 7.59,
        "pbr": 0.37,
        "is_per_red": false,
        "is_pbr_red": false
      },
      {
        "date": "2022/03/31",
        "per": 3.54,
        "pbr": 0.32,
        "is_per_red": false,
        "is_pbr_red": false
      },
      {
        "date": "2023/03/31",
        "per": 4.12,
        "pbr": 0.4,
        "is_per_red": false,
        "is_pbr_red": false
      },
      {
        "date": "2024/03/29",
        "per": 12.65,
        "pbr": 0.52,
        "is_per_red": false,
        "is_pbr_red": false
      }
    ],
    "daily_data": [],
    "financial_data": [
      {
        "fiscal_year": "2008/03",
        "sales": 55100.0,
        "operating_profit": 3240.0,
        "ordinary_profit": 3200.0,
        "net_profit": 1560.0,
        "roa": 6.87,
        "operating_margin": 3.01,
        "cost_ratio": 5.88,
        "sga_ratio": 84.18
      },
      {
        "fiscal_year": "2009/03",
        "sales": 45300.0,
        "operating_profit": -1330.0,
        "ordinary_profit": -1350.0,
        "net_profit": -981.0,
        "roa": -1,
        "operating_margin": -1,
        "cost_ratio": -2.94,
        "sga_ratio": 90.98
      },
      {
        "fiscal_year": "2010/03",
        "sales": 33600.0,
        "operating_profit": -1680.0,
        "ordinary_profit": -1610.0000000000002,
        "net_profit": -1050.0,
        "roe": -17.39,
        "roa": -1,
        "operating_margin": -1,
        "cost_ratio": -5.01,
        "sga_ratio": 90.12
      },
      {
        "fiscal_year": "2011/03",
        "sales": 40200.0,
        "operating_profit": 953.9999999999999,
        "ordinary_profit": 949.0,
        "net_profit": 362.0,
        "eps": 198.0,
        "roe": 5.99,
        "roa": 1.92,
        "operating_margin": 0.88,
        "cost_ratio": 2.37,
        "sga_ratio": 85.41
      },
      {
        "fiscal_year": "2012/03",
        "sales": 38900.0,
        "operating_profit": 367.0,
        "ordinary_profit": 362.0,
        "net_profit": 407.0,
        "eps": -40.0,
        "roe": 6.73,
        "roa": 2.14,
        "operating_margin": 1.02,
        "cost_ratio": 0.94,
        "sga_ratio": 86.73
      },
      {
        "fiscal_year": "2013/03",
        "sales": 34600.0,
        "operating_profit": 360.0,
        "ordinary_profit": 353.0,
        "net_profit": -97.0,
        "eps": 679.0,
        "roe": -1.6,
        "roa": -1,
        "operating_margin": -1,
        "cost_ratio": 1.04,
        "sga_ratio": 86.51
      },
      {
        "fiscal_year": "2014/03",
        "sales": 37100.0,
        "operating_profit": 748.0,
        "ordinary_profit": 655.0,
        "net_profit": 425.0,
        "eps": 842.0,
        "roe": 7.65,
        "roa": 2.17,
        "operating_margin": 1.07,
        "cost_ratio": 2.01,
        "sga_ratio": 84.69
      },
      {
        "fiscal_year": "2015/03",
        "sales": 36800.0,
        "operating_profit": 770.0,
        "ordinary_profit": 884.0,
        "net_profit": 601.0,
        "eps": 2090.0,
        "roe": 10.82,
        "roa": 2.83,
        "operating_margin": 1.46,
        "cost_ratio": 2.09,
        "sga_ratio": 84.28
      },
      {
        "fiscal_year": "2016/03",
        "sales": 36000.0,
        "operating_profit": 749.0,
        "ordinary_profit": 754.0,
        "net_profit": 215.0,
        "eps": -869.9999999999999,
        "roe": 3.87,
        "roa": 1.07,
        "operating_margin": 0.55,
        "cost_ratio": 2.08,
        "sga_ratio": 84.15
      },
      {
        "fiscal_year": "2017/03",
        "sales": 36400.0,
        "operating_profit": 1660.0000000000002,
        "ordinary_profit": 1810.0000000000002,
        "net_profit": 1300.0,
        "eps": 1920.0,
        "roe": 23.43,
        "roa": 5.98,
        "operating_margin": 3.11,
        "cost_ratio": 4.56,
        "sga_ratio": 81.61
      },
      {
        "fiscal_year": "2018/03",
        "sales": 39700.0,
        "operating_profit": 2150.0,
        "ordinary_profit": 2280.0,
        "net_profit": 1580.0,
        "eps": 2090.0,
        "roe": 285.0,
        "roa": 6.76,
        "operating_margin": 3.6,
        "cost_ratio": 5.42,
        "sga_ratio": 81.41
      },
      {
        "fiscal_year": "2019/03",
        "sales": 43300.0,
        "operating_profit": 2060.0,
        "ordinary_profit": 2240.0,
        "net_profit": 1500.0,
        "eps": 930.0000000000001,
        "roe": 271.58,
        "roa": 6.32,
        "operating_margin": 3.24,
        "cost_ratio": 4.77,
        "sga_ratio": 82.07
      },
      {
        "fiscal_year": "2020/03",
        "sales": 41000.0,
        "operating_profit": 1280.0,
        "ordinary_profit": 1460.0,
        "net_profit": 706.0,
        "eps": -61.0,
        "roe": 126.73,
        "roa": 3.04,
        "operating_margin": 1.53,
        "cost_ratio": 3.11,
        "sga_ratio": 82.71
      },
      {
        "fiscal_year": "2021/03",
        "sales": 36500.0,
        "operating_profit": 713.0,
        "ordinary_profit": 956.0,
        "net_profit": 1280.0,
        "eps": 2910.0,
        "roe": 230.57,
        "roa": 4.93,
        "operating_margin": 2.82,
        "cost_ratio": 1.95,
        "sga_ratio": 82.98
      },
      {
        "fiscal_year": "2022/03",
        "sales": 40800.0,
        "operating_profit": 3379.9999999999995,
        "ordinary_profit": 3779.9999999999995,
        "net_profit": 2570.0,
        "eps": 2990.0,
        "roe": 462.15,
        "roa": 8.98,
        "operating_margin": 4.9,
        "cost_ratio": 8.3,
        "sga_ratio": 77.98
      },
      {
        "fiscal_year": "2023/03",
        "sales": 46400.0,
        "operating_profit": 4630.0,
        "ordinary_profit": 4950.0,
        "net_profit": 3060.0,
        "eps": 3810.0,
        "roe": 549.74,
        "roa": 9.6,
        "operating_margin": 5.66,
        "cost_ratio": 9.97,
        "sga_ratio": 77.54
      },
      {
        "fiscal_year": "2024/03",
        "sales": 44600.0,
        "operating_profit": 2050.0,
        "ordinary_profit": 2560.0,
        "net_profit": 1689.9999999999998,
        "eps": 4350.0,
        "roe": 303.84,
        "roa": 4.75,
        "operating_margin": 2.91,
        "cost_ratio": 4.61,
        "sga_ratio": 82.47
      },
      {
        "fiscal_year": "2025/03",
        "sales": 42700.0,
        "operating_profit": 2200.0,
        "ordinary_profit": 2400.0,
        "net_profit": 1700.0,
        "roe": 305.35,
        "roa": 4.86,
        "operating_margin": 2.97,
        "cost_ratio": 5.15
      }
    ],
    "dividend_data": [
      {
        "fiscal_year": "2010/03",
        "total_dividend": 1.5,
        "dividend_yield": 1.15
      },
      {
        "fiscal_year": "2011/03",
        "total_dividend": 3.0,
        "dividend_yield": 2.19
      },
      {
        "fiscal_year": "2012/03",
        "total_dividend": 3.0,
        "dividend_yield": 2.17
      },
      {
        "fiscal_year": "2013/03",
        "total_dividend": 3.0,
        "dividend_yield": 2.29
      }
    ]
  }
]