[
  {
    "code": 2384,
    "name": "ＳＢＳホールディングス",
    "annual_data": [
      {
        "date": "2009/12/30",
        "per": 3.55,
        "pbr": 0.35,
        "is_per_red": false,
        "is_pbr_red": false
      },
      {
        "date": "2010/12/30",
        "per": 5.92,
        "pbr": 0.57,
        "is_per_red": false,
        "is_pbr_red": false
      },
      {
        "date": "2011/12/30",
        "per": 3.43,
        "pbr": 0.35,
        "is_per_red": false,
        "is_pbr_red": false
      },
      {
        "date": "2012/12/28",
        "per": 8.34,
        "pbr": 0.5,
        "is_per_red": false,
        "is_pbr_red": false
      },
      {
        "date": "2013/12/30",
        "per": 12.99,
        "pbr": 0.7,
        "is_per_red": false,
        "is_pbr_red": false
      },
      {
        "date": "2014/12/30",
        "per": 14.37,
        "pbr": 1.24,
        "is_per_red": false,
        "is_pbr_red": false
      },
      {
        "date": "2015/12/30",
        "per": -1,
        "pbr": 1.34,
        "is_per_red": true,
        "is_pbr_red": false
      },
      {
        "date": "2016/12/30",
        "per": 6.33,
        "pbr": 1.0,
        "is_per_red": false,
        "is_pbr_red": false
      },
      {
        "date": "2017/12/29",
        "per": 10.09,
        "pbr": 1.23,
        "is_per_red": false,
        "is_pbr_red": false
      },
      {
        "date": "2018/12/28",
        "per": 12.77,
        "pbr": 1.42,
        "is_per_red": false,
        "is_pbr_red": false
      },
      {
        "date": "2019/12/30",
        "per": 12.4,
        "pbr": 1.67,
        "is_per_red": false,
        "is_pbr_red": false
      },
      {
        "date": "2020/12/30",
        "per": 15.2,
        "pbr": 2.04,
        "is_per_red": false,
        "is_pbr_red": false
      },
      {
        "date": "2021/12/30",
        "per": 12.02,
        "pbr": 2.14,
        "is_per_red": false,
        "is_pbr_red": false
      },
      {
        "date": "2022/12/30",
        "per": 9.41,
        "pbr": 1.57,
        "is_per_red": false,
        "is_pbr_red": false
      },
      {
        "date": "2023/12/29",
        "per": 9.71,
        "pbr": 1.23,
        "is_per_red": false,
        "is_pbr_red": false
      }
    ],
    "daily_data": [],
    "financial_data": [
      {
        "fiscal_year": "2008/12",
        "sales": 139400.0,
        "operating_profit": 3329.9999999999995,
        "ordinary_profit": 4000.0,
        "net_profit": 961.0,
        "roa": 5.26,
        "operating_margin": 0.89,
        "cost_ratio": 2.39,
        "sga_ratio": 90.99
      },
      {
        "fiscal_year": "2009/12",
        "sales": 115700.0,
        "operating_profit": 2890.0,
        "ordinary_profit": 3750.0,
        "net_profit": 1989.9999999999998,
        "roe": 50.71,
        "roa": 9.99,
        "operating_margin": 1.85,
        "cost_ratio": 2.5,
        "sga_ratio": 90.52
      },
      {
        "fiscal_year": "2010/12",
        "sales": 119800.0,
        "operating_profit": 4260.0,
        "ordinary_profit": 4290.0,
        "net_profit": 2140.0,
        "roe": 54.58,
        "roa": 9.58,
        "operating_margin": 2.22,
        "cost_ratio": 3.56,
        "sga_ratio": 89.63
      },
      {
        "fiscal_year": "2011/12",
        "sales": 121100.0,
        "operating_profit": 2180.0,
        "ordinary_profit": 1630.0,
        "net_profit": 2500.0,
        "eps": 2610.0,
        "roe": 63.82,
        "roa": 10.14,
        "operating_margin": 2.48,
        "cost_ratio": 1.8,
        "sga_ratio": 90.71
      },
      {
        "fiscal_year": "2012/12",
        "sales": 127900.0,
        "operating_profit": 2900.0,
        "ordinary_profit": 2750.0,
        "net_profit": 1630.0,
        "eps": 1789.9999999999998,
        "roe": 41.47,
        "roa": 5.93,
        "operating_margin": 1.56,
        "cost_ratio": 2.27,
        "sga_ratio": 90.18
      },
      {
        "fiscal_year": "2013/12",
        "sales": 132200.0,
        "operating_profit": 4140.0,
        "ordinary_profit": 3779.9999999999995,
        "net_profit": 1550.0,
        "eps": 1820.0,
        "roe": 40.26,
        "roa": 5.35,
        "operating_margin": 1.43,
        "cost_ratio": 3.13,
        "sga_ratio": 89.82
      },
      {
        "fiscal_year": "2014/12",
        "sales": 141500.0,
        "operating_profit": 4100.0,
        "ordinary_profit": 3650.0,
        "net_profit": 2730.0,
        "eps": 3700.0,
        "roe": 69.75,
        "roa": 8.56,
        "operating_margin": 2.08,
        "cost_ratio": 2.9,
        "sga_ratio": 89.91
      },
      {
        "fiscal_year": "2015/12",
        "sales": 158000.0,
        "operating_profit": 5350.0,
        "ordinary_profit": 5770.0,
        "net_profit": -3820.0000000000005,
        "eps": -4690.0,
        "roe": -96.83,
        "roa": -1,
        "operating_margin": -1,
        "cost_ratio": 3.38,
        "sga_ratio": 88.89
      },
      {
        "fiscal_year": "2016/12",
        "sales": 149100.0,
        "operating_profit": 7509.999999999999,
        "ordinary_profit": 7830.0,
        "net_profit": 5110.0,
        "eps": 5350.0,
        "roe": 128.68,
        "roa": 15.72,
        "operating_margin": 4.18,
        "cost_ratio": 5.04,
        "sga_ratio": 88.61
      },
      {
        "fiscal_year": "2017/12",
        "sales": 152900.0,
        "operating_profit": 6230.0,
        "ordinary_profit": 6480.0,
        "net_profit": 4450.0,
        "eps": 4700.0,
        "roe": 111.94,
        "roa": 12.21,
        "operating_margin": 3.48,
        "cost_ratio": 4.07,
        "sga_ratio": 89.52
      },
      {
        "fiscal_year": "2018/12",
        "sales": 203500.0,
        "operating_profit": 8240.0,
        "ordinary_profit": 7609.999999999999,
        "net_profit": 4410.0,
        "eps": 4490.0,
        "roe": 111.01,
        "roa": 11.09,
        "operating_margin": 2.57,
        "cost_ratio": 4.05,
        "sga_ratio": 89.51
      },
      {
        "fiscal_year": "2019/12",
        "sales": 255500.0,
        "operating_profit": 10200.0,
        "ordinary_profit": 10200.0,
        "net_profit": 6080.0,
        "eps": 6920.0,
        "roe": 153.06,
        "roa": 13.47,
        "operating_margin": 3.38,
        "cost_ratio": 3.98,
        "sga_ratio": 89.81
      },
      {
        "fiscal_year": "2020/12",
        "sales": 257200.0,
        "operating_profit": 11000.0,
        "ordinary_profit": 10900.0,
        "net_profit": 6830.0,
        "eps": 7180.0,
        "roe": 171.86,
        "roa": 13.45,
        "operating_margin": 2.68,
        "cost_ratio": 4.26,
        "sga_ratio": 89.58
      },
      {
        "fiscal_year": "2021/12",
        "sales": 403500.0,
        "operating_profit": 20700.0,
        "ordinary_profit": 20500.0,
        "net_profit": 10800.0,
        "eps": 13900.0,
        "roe": 271.67,
        "roa": 17.78,
        "operating_margin": 3.89,
        "cost_ratio": 5.13,
        "sga_ratio": 88.42
      },
      {
        "fiscal_year": "2022/12",
        "sales": 455500.0,
        "operating_profit": 21800.0,
        "ordinary_profit": 21400.0,
        "net_profit": 11700.0,
        "eps": 14200.0,
        "roe": 295.39,
        "roa": 16.67,
        "operating_margin": 3.95,
        "cost_ratio": 4.8,
        "sga_ratio": 88.9
      },
      {
        "fiscal_year": "2023/12",
        "sales": 431900.0,
        "operating_profit": 19700.0,
        "ordinary_profit": 19700.0,
        "net_profit": 10100.0,
        "eps": 13400.0,
        "roe": 253.19,
        "roa": 12.64,
        "operating_margin": 3.34,
        "cost_ratio": 4.57,
        "sga_ratio": 88.39
      },
      {
        "fiscal_year": "2024/12",
        "sales": 442000.0,
        "operating_profit": 17200.0,
        "ordinary_profit": 17500.0,
        "net_profit": 9000.0,
        "roe": 226.6,
        "roa": 10.58,
        "operating_margin": 2.95,
        "cost_ratio": 3.89
      }
    ],
    "dividend_data": [
      {
        "fiscal_year": "2009/03",
        "total_dividend": 2300.0,
        "dividend_yield": 7.67
      },
      {
        "fiscal_year": "2010/03",
        "total_dividend": 3000.0,
        "dividend_yield": 10.0
      },
      {
        "fiscal_year": "2011/03",
        "total_dividend": 3000.0,
        "dividend_yield": 10.0
      },
      {
        "fiscal_year": "2012/03",
        "total_dividend": 40.0,
        "dividend_yield": 13.33
      }
    ]
  },
  {
    "code": 9001,
    "name": "東武鉄道",
    "annual_data": [
      {
        "date": "2010/03/31",
        "per": 31.86,
        "pbr": 2.44,
        "is_per_red": false,
        "is_pbr_red": false
      },
      {
        "date": "2011/03/31",
        "per": 27.91,
        "pbr": 1.41,
        "is_per_red": false,
        "is_pbr_red": false
      },
      {
        "date": "2012/03/30",
        "per": 29.47,
        "pbr": 1.7,
        "is_per_red": false,
        "is_pbr_red": false
      },
      {
        "date": "2013/03/29",
        "per": 20.16,
        "pbr": 1.86,
        "is_per_red": false,
        "is_pbr_red": false
      },
      {
        "date": "2014/03/31",
        "per": 16.91,
        "pbr": 1.59,
        "is_per_red": false,
        "is_pbr_red": false
      },
      {
        "date": "2015/03/31",
        "per": 19.86,
        "pbr": 1.62,
        "is_per_red": false,
        "is_pbr_red": false
      },
      {
        "date": "2016/03/31",
        "per": 21.96,
        "pbr": 1.54,
        "is_per_red": false,
        "is_pbr_red": false
      },
      {
        "date": "2017/03/31",
        "per": 16.71,
        "pbr": 1.43,
        "is_per_red": false,
        "is_pbr_red": false
      },
      {
        "date": "2018/03/30",
        "per": 18.98,
        "pbr": 1.51,
        "is_per_red": false,
        "is_pbr_red": false
      },
      {
        "date": "2019/03/29",
        "per": 24.09,
        "pbr": 1.46,
        "is_per_red": false,
        "is_pbr_red": false
      },
      {
        "date": "2020/03/31",
        "per": 22.33,
        "pbr": 1.69,
        "is_per_red": false,
        "is_pbr_red": false
      },
      {
        "date": "2021/03/31",
        "per": -1,
        "pbr": 1.4,
        "is_per_red": true,
        "is_pbr_red": false
      },
      {
        "date": "2022/03/31",
        "per": 46.19,
        "pbr": 1.37,
        "is_per_red": false,
        "is_pbr_red": false
      },
      {
        "date": "2023/03/31",
        "per": 22.63,
        "pbr": 1.38,
        "is_per_red": false,
        "is_pbr_red": false
      },
      {
        "date": "2024/03/29",
        "per": 16.23,
        "pbr": 1.46,
        "is_per_red": false,
        "is_pbr_red": false
      }
    ],
    "daily_data": [],
    "financial_data": [],
    "dividend_data": [
      {
        "fiscal_year": "2010/03",
        "total_dividend": 5.0,
        "dividend_yield": 0.96
      },
      {
        "fiscal_year": "2011/03",
        "total_dividend": 5.0,
        "dividend_yield": 1.47
      },
      {
        "fiscal_year": "2012/03",
        "total_dividend": 5.0,
        "dividend_yield": 1.14
      },
      {
        "fiscal_year": "2013/03",
        "total_dividend": 6.0,
        "dividend_yield": 1.12
      }
    ]
  },
  {
    "code": 9003,
    "name": "相鉄ホールディングス",
    "annual_data": [
      {
        "date": "2010/03/31",
        "per": 24.05,
        "pbr": 3.57,
        "is_per_red": false,
        "is_pbr_red": false
      },
      {
        "date": "2011/03/31",
        "per": 16.55,
        "pbr": 1.71,
        "is_per_red": false,
        "is_pbr_red": false
      },
      {
        "date": "2012/03/30",
        "per": 17.29,
        "pbr": 1.67,
        "is_per_red": false,
        "is_pbr_red": false
      },
      {
        "date": "2013/03/29",
        "per": 21.96,
        "pbr": 2.06,
        "is_per_red": false,
        "is_pbr_red": false
      },
      {
        "date": "2014/03/31",
        "per": 19.76,
        "pbr": 2.04,
        "is_per_red": false,
        "is_pbr_red": false
      },
      {
        "date": "2015/03/31",
        "per": 24.35,
        "pbr": 2.64,
        "is_per_red": false,
        "is_pbr_red": false
      },
      {
        "date": "2016/03/31",
        "per": 24.69,
        "pbr": 3.05,
        "is_per_red": false,
        "is_pbr_red": false
      },
      {
        "date": "2017/03/31",
        "per": 14.85,
        "pbr": 2.01,
        "is_per_red": false,
        "is_pbr_red": false
      },
      {
        "date": "2018/03/30",
        "per": 15.2,
        "pbr": 2.01,
        "is_per_red": false,
        "is_pbr_red": false
      },
      {
        "date": "2019/03/29",
        "per": 18.19,
        "pbr": 2.25,
        "is_per_red": false,
        "is_pbr_red": false
      },
      {
        "date": "2020/03/31",
        "per": 18.57,
        "pbr": 1.79,
        "is_per_red": false,
        "is_pbr_red": false
      },
      {
        "date": "2021/03/31",
        "per": -1,
        "pbr": 1.74,
        "is_per_red": true,
        "is_pbr_red": false
      },
      {
        "date": "2022/03/31",
        "per": 121.02,
        "pbr": 1.61,
        "is_per_red": false,
        "is_pbr_red": false
      },
      {
        "date": "2023/03/31",
        "per": 31.84,
        "pbr": 1.53,
        "is_per_red": false,
        "is_pbr_red": false
      },
      {
        "date": "2024/03/29",
        "per": 16.75,
        "pbr": 1.64,
        "is_per_red": false,
        "is_pbr_red": false
      }
    ],
    "daily_data": [],
    "financial_data": [],
    "dividend_data": [
      {
        "fiscal_year": "2010/03",
        "total_dividend": 5.0,
        "dividend_yield": 1.27
      },
      {
        "fiscal_year": "2011/03",
        "total_dividend": 5.0,
        "dividend_yield": 2.16
      },
      {
        "fiscal_year": "2012/03",
        "total_dividend": 5.0,
        "dividend_yield": 1.93
      },
      {
        "fiscal_year": "2013/03",
        "total_dividend": 5.0,
        "dividend_yield": 1.45
      },
      {
        "fiscal_year": "2021/03",
        "total_dividend": 10.0,
        "dividend_yield": 0.4
      }
    ]
  },
  {
    "code": 9005,
    "name": "東急",
    "annual_data": [
      {
        "date": "2010/03/31",
        "per": 33.16,
        "pbr": 1.32,
        "is_per_red": false,
        "is_pbr_red": false
      },
      {
        "date": "2011/03/31",
        "per": 10.88,
        "pbr": 1.08,
        "is_per_red": false,
        "is_pbr_red": false
      },
      {
        "date": "2012/03/30",
        "per": 13.82,
        "pbr": 1.15,
        "is_per_red": false,
        "is_pbr_red": false
      },
      {
        "date": "2013/03/29",
        "per": 20.8,
        "pbr": 1.88,
        "is_per_red": false,
        "is_pbr_red": false
      },
      {
        "date": "2014/03/31",
        "per": 14.03,
        "pbr": 1.55,
        "is_per_red": false,
        "is_pbr_red": false
      },
      {
        "date": "2015/03/31",
        "per": 22.63,
        "pbr": 1.68,
        "is_per_red": false,
        "is_pbr_red": false
      },
      {
        "date": "2016/03/31",
        "per": 21.05,
        "pbr": 2.01,
        "is_per_red": false,
        "is_pbr_red": false
      },
      {
        "date": "2017/03/31",
        "per": 14.33,
        "pbr": 1.52,
        "is_per_red": false,
        "is_pbr_red": false
      },
      {
        "date": "2018/03/30",
        "per": 14.37,
        "pbr": 1.43,
        "is_per_red": false,
        "is_pbr_red": false
      },
      {
        "date": "2019/03/29",
        "per": 20.32,
        "pbr": 1.58,
        "is_per_red": false,
        "is_pbr_red": false
      },
      {
        "date": "2020/03/31",
        "per": 24.33,
        "pbr": 1.36,
        "is_per_red": false,
        "is_pbr_red": false
      },
      {
        "date": "2021/03/31",
        "per": -1,
        "pbr": 1.27,
        "is_per_red": true,
        "is_pbr_red": false
      },
      {
        "date": "2022/03/31",
        "per": 109.19,
        "pbr": 1.36,
        "is_per_red": false,
        "is_pbr_red": false
      },
      {
        "date": "2023/03/31",
        "per": 41.03,
        "pbr": 1.46,
        "is_per_red": false,
        "is_pbr_red": false
      },
      {
        "date": "2024/03/29",
        "per": 17.42,
        "pbr": 1.4,
        "is_per_red": false,
        "is_pbr_red": false
      }
    ],
    "daily_data": [],
    "financial_data": [],
    "dividend_data": [
      {
        "fiscal_year": "2010/03",
        "total_dividend": 6.0,
        "dividend_yield": 1.53
      },
      {
        "fiscal_year": "2011/03",
        "total_dividend": 6.5,
        "dividend_yield": 1.88
      },
      {
        "fiscal_year": "2012/03",
        "total_dividend": 6.5,
        "dividend_yield": 1.65
      },
      {
        "fiscal_year": "2013/03",
        "total_dividend": 7.0,
        "dividend_yield": 0.99
      }
    ]
  },
  {
    "code": 9006,
    "name": "京浜急行電鉄",
    "annual_data": [
      {
        "date": "2010/03/31",
        "per": 57.53,
        "pbr": 2.32,
        "is_per_red": false,
        "is_pbr_red": false
      },
      {
        "date": "2011/03/31",
        "per": 46.91,
        "pbr": 1.79,
        "is_per_red": false,
        "is_pbr_red": false
      },
      {
        "date": "2012/03/30",
        "per": 96.92,
        "pbr": 2.14,
        "is_per_red": false,
        "is_pbr_red": false
      },
      {
        "date": "2013/03/29",
        "per": 63.96,
        "pbr": 2.78,
        "is_per_red": false,
        "is_pbr_red": false
      },
      {
        "date": "2014/03/31",
        "per": 51.82,
        "pbr": 2.32,
        "is_per_red": false,
        "is_pbr_red": false
      },
      {
        "date": "2015/03/31",
        "per": 49.16,
        "pbr": 2.1,
        "is_per_red": false,
        "is_pbr_red": false
      },
      {
        "date": "2016/03/31",
        "per": -1,
        "pbr": 2.46,
        "is_per_red": true,
        "is_pbr_red": false
      },
      {
        "date": "2017/03/31",
        "per": 29.9,
        "pbr": 2.81,
        "is_per_red": false,
        "is_pbr_red": false
      },
      {
        "date": "2018/03/30",
        "per": 31.54,
        "pbr": 2.01,
        "is_per_red": false,
        "is_pbr_red": false
      },
      {
        "date": "2019/03/29",
        "per": 24.97,
        "pbr": 1.92,
        "is_per_red": false,
        "is_pbr_red": false
      },
      {
        "date": "2020/03/31",
        "per": 31.97,
        "pbr": 1.88,
        "is_per_red": false,
        "is_pbr_red": false
      },
      {
        "date": "2021/03/31",
        "per": -1,
        "pbr": 1.86,
        "is_per_red": true,
        "is_pbr_red": false
      },
      {
        "date": "2022/03/31",
        "per": 27.55,
        "pbr": 1.36,
        "is_per_red": false,
        "is_pbr_red": false
      },
      {
        "date": "2023/03/31",
        "per": 21.91,
        "pbr": 1.28,
        "is_per_red": false,
        "is_pbr_red": false
      },
      {
        "date": "2024/03/29",
        "per": 4.58,
        "pbr": 1.08,
        "is_per_red": false,
        "is_pbr_red": false
      }
    ],
    "daily_data": [],
    "financial_data": [],
    "dividend_data": [
      {
        "fiscal_year": "2010/03",
        "total_dividend": 6.0,
        "dividend_yield": 0.78
      },
      {
        "fiscal_year": "2011/03",
        "total_dividend": 6.0,
        "dividend_yield": 1.0
      },
      {
        "fiscal_year": "2012/03",
        "total_dividend": 6.0,
        "dividend_yield": 0.83
      },
      {
        "fiscal_year": "2013/03",
        "total_dividend": 6.0,
        "dividend_yield": 0.61
      }
    ]
  },
  {
    "code": 9007,
    "name": "小田急電鉄",
    "annual_data": [
      {
        "date": "2010/03/31",
        "per": 46.88,
        "pbr": 2.73,
        "is_per_red": false,
        "is_pbr_red": false
      },
      {
        "date": "2011/03/31",
        "per": 49.58,
        "pbr": 2.53,
        "is_per_red": false,
        "is_pbr_red": false
      },
      {
        "date": "2012/03/30",
        "per": 32.31,
        "pbr": 2.63,
        "is_per_red": false,
        "is_pbr_red": false
      },
      {
        "date": "2013/03/29",
        "per": 43.87,
        "pbr": 3.56,
        "is_per_red": false,
        "is_pbr_red": false
      },
      {
        "date": "2014/03/31",
        "per": 25.6,
        "pbr": 2.43,
        "is_per_red": false,
        "is_pbr_red": false
      },
      {
        "date": "2015/03/31",
        "per": 29.31,
        "pbr": 2.9,
        "is_per_red": false,
        "is_pbr_red": false
      },
      {
        "date": "2016/03/31",
        "per": 32.12,
        "pbr": 2.82,
        "is_per_red": false,
        "is_pbr_red": false
      },
      {
        "date": "2017/03/31",
        "per": 29.95,
        "pbr": 2.34,
        "is_per_red": false,
        "is_pbr_red": false
      },
      {
        "date": "2018/03/30",
        "per": 26.46,
        "pbr": 2.16,
        "is_per_red": false,
        "is_pbr_red": false
      },
      {
        "date": "2019/03/29",
        "per": 29.78,
        "pbr": 2.53,
        "is_per_red": false,
        "is_pbr_red": false
      },
      {
        "date": "2020/03/31",
        "per": 43.06,
        "pbr": 2.23,
        "is_per_red": false,
        "is_pbr_red": false
      },
      {
        "date": "2021/03/31",
        "per": -1,
        "pbr": 3.14,
        "is_per_red": true,
        "is_pbr_red": false
      },
      {
        "date": "2022/03/31",
        "per": 61.06,
        "pbr": 2.13,
        "is_per_red": false,
        "is_pbr_red": false
      },
      {
        "date": "2023/03/31",
        "per": 15.34,
        "pbr": 1.61,
        "is_per_red": false,
        "is_pbr_red": false
      },
      {
        "date": "2024/03/29",
        "per": 9.22,
        "pbr": 1.62,
        "is_per_red": false,
        "is_pbr_red": false
      }
    ],
    "daily_data": [],
    "financial_data": [],
    "dividend_data": [
      {
        "fiscal_year": "2010/03",
        "total_dividend": 6.5,
        "dividend_yield": 0.84
      },
      {
        "fiscal_year": "2011/03",
        "total_dividend": 6.5,
        "dividend_yield": 0.93
      },
      {
        "fiscal_year": "2012/03",
        "total_dividend": 7.0,
        "dividend_yield": 0.9
      },
      {
        "fiscal_year": "2013/03",
        "total_dividend": 7.5,
        "dividend_yield": 0.64
      }
    ]
  },
  {
    "code": 9008,
    "name": "京王電鉄",
    "annual_data": [
      {
        "date": "2010/03/31",
        "per": 33.87,
        "pbr": 1.63,
        "is_per_red": false,
        "is_pbr_red": false
      },
      {
        "date": "2011/03/31",
        "per": 34.44,
        "pbr": 1.27,
        "is_per_red": false,
        "is_pbr_red": false
      },
      {
        "date": "2012/03/30",
        "per": 30.66,
        "pbr": 1.46,
        "is_per_red": false,
        "is_pbr_red": false
      },
      {
        "date": "2013/03/29",
        "per": 35.26,
        "pbr": 1.87,
        "is_per_red": false,
        "is_pbr_red": false
      },
      {
        "date": "2014/03/31",
        "per": 27.11,
        "pbr": 1.5,
        "is_per_red": false,
        "is_pbr_red": false
      },
      {
        "date": "2015/03/31",
        "per": 33.39,
        "pbr": 1.87,
        "is_per_red": false,
        "is_pbr_red": false
      },
      {
        "date": "2016/03/31",
        "per": 30.99,
        "pbr": 1.94,
        "is_per_red": false,
        "is_pbr_red": false
      },
      {
        "date": "2017/03/31",
        "per": 25.44,
        "pbr": 1.62,
        "is_per_red": false,
        "is_pbr_red": false
      },
      {
        "date": "2018/03/30",
        "per": 23.22,
        "pbr": 1.58,
        "is_per_red": false,
        "is_pbr_red": false
      },
      {
        "date": "2019/03/29",
        "per": 32.08,
        "pbr": 2.37,
        "is_per_red": false,
        "is_pbr_red": false
      },
      {
        "date": "2020/03/31",
        "per": 43.65,
        "pbr": 2.09,
        "is_per_red": false,
        "is_pbr_red": false
      },
      {
        "date": "2021/03/31",
        "per": -1,
        "pbr": 2.64,
        "is_per_red": true,
        "is_pbr_red": false
      },
      {
        "date": "2022/03/31",
        "per": 104.61,
        "pbr": 1.71,
        "is_per_red": false,
        "is_pbr_red": false
      },
      {
        "date": "2023/03/31",
        "per": 43.25,
        "pbr": 1.61,
        "is_per_red": false,
        "is_pbr_red": false
      },
      {
        "date": "2024/03/29",
        "per": 17.42,
        "pbr": 1.3,
        "is_per_red": false,
        "is_pbr_red": false
      }
    ],
    "daily_data": [],
    "financial_data": [],
    "dividend_data": [
      {
        "fiscal_year": "2010/03",
        "total_dividend": 6.0,
        "dividend_yield": 0.95
      },
      {
        "fiscal_year": "2011/03",
        "total_dividend": 6.0,
        "dividend_yield": 1.21
      },
      {
        "fiscal_year": "2012/03",
        "total_dividend": 6.0,
        "dividend_yield": 1.01
      },
      {
        "fiscal_year": "2013/03",
        "total_dividend": 8.0,
        "dividend_yield": 0.99
      }
    ]
  },
  {
    "code": 9009,
    "name": "京成電鉄",
    "annual_data": [
      {
        "date": "2010/03/31",
        "per": 14.79,
        "pbr": 1.18,
        "is_per_red": false,
        "is_pbr_red": false
      },
      {
        "date": "2011/03/31",
        "per": 13.68,
        "pbr": 0.93,
        "is_per_red": false,
        "is_pbr_red": false
      },
      {
        "date": "2012/03/30",
        "per": 16.38,
        "pbr": 1.17,
        "is_per_red": false,
        "is_pbr_red": false
      },
      {
        "date": "2013/03/29",
        "per": 15.74,
        "pbr": 1.64,
        "is_per_red": false,
        "is_pbr_red": false
      },
      {
        "date": "2014/03/31",
        "per": 11.2,
        "pbr": 1.28,
        "is_per_red": false,
        "is_pbr_red": false
      },
      {
        "date": "2015/03/31",
        "per": 19.68,
        "pbr": 1.94,
        "is_per_red": false,
        "is_pbr_red": false
      },
      {
        "date": "2016/03/31",
        "per": 17.29,
        "pbr": 1.86,
        "is_per_red": false,
        "is_pbr_red": false
      },
      {
        "date": "2017/03/31",
        "per": 12.24,
        "pbr": 1.36,
        "is_per_red": false,
        "is_pbr_red": false
      },
      {
        "date": "2018/03/30",
        "per": 15.9,
        "pbr": 1.56,
        "is_per_red": false,
        "is_pbr_red": false
      },
      {
        "date": "2019/03/29",
        "per": 17.61,
        "pbr": 1.75,
        "is_per_red": false,
        "is_pbr_red": false
      },
      {
        "date": "2020/03/31",
        "per": 17.52,
        "pbr": 1.28,
        "is_per_red": false,
        "is_pbr_red": false
      },
      {
        "date": "2021/03/31",
        "per": -1,
        "pbr": 1.61,
        "is_per_red": true,
        "is_pbr_red": false
      },
      {
        "date": "2022/03/31",
        "per": -1,
        "pbr": 1.56,
        "is_per_red": true,
        "is_pbr_red": false
      },
      {
        "date": "2023/03/31",
        "per": 25.2,
        "pbr": 1.73,
        "is_per_red": false,
        "is_pbr_red": false
      },
      {
        "date": "2024/03/29",
        "per": 11.74,
        "pbr": 2.22,
        "is_per_red": false,
        "is_pbr_red": false
      }
    ],
    "daily_data": [],
    "financial_data": [],
    "dividend_data": [
      {
        "fiscal_year": "2010/03",
        "total_dividend": 6.0,
        "dividend_yield": 1.05
      },
      {
        "fiscal_year": "2011/03",
        "total_dividend": 5.5,
        "dividend_yield": 1.15
      },
      {
        "fiscal_year": "2012/03",
        "total_dividend": 5.0,
        "dividend_yield": 0.78
      },
      {
        "fiscal_year": "2013/03",
        "total_dividend": 5.5,
        "dividend_yield": 0.55
      }
    ]
  },
  {
    "code": 9010,
    "name": "富士急行",
    "annual_data": [
      {
        "date": "2010/03/31",
        "per": 66.09,
        "pbr": 3.31,
        "is_per_red": false,
        "is_pbr_red": false
      },
      {
        "date": "2011/03/31",
        "per": 70.63,
        "pbr": 3.02,
        "is_per_red": false,
        "is_pbr_red": false
      },
      {
        "date": "2012/03/30",
        "per": 68.91,
        "pbr": 3.46,
        "is_per_red": false,
        "is_pbr_red": false
      },
      {
        "date": "2013/03/29",
        "per": 63.32,
        "pbr": 4.76,
        "is_per_red": false,
        "is_pbr_red": false
      },
      {
        "date": "2014/03/31",
        "per": 75.89,
        "pbr": 5.88,
        "is_per_red": false,
        "is_pbr_red": false
      },
      {
        "date": "2015/03/31",
        "per": 58.33,
        "pbr": 5.53,
        "is_per_red": false,
        "is_pbr_red": false
      },
      {
        "date": "2016/03/31",
        "per": 70.06,
        "pbr": 7.51,
        "is_per_red": false,
        "is_pbr_red": false
      },
      {
        "date": "2017/03/31",
        "per": 39.83,
        "pbr": 4.27,
        "is_per_red": false,
        "is_pbr_red": false
      },
      {
        "date": "2018/03/30",
        "per": 55.84,
        "pbr": 5.81,
        "is_per_red": false,
        "is_pbr_red": false
      },
      {
        "date": "2019/03/29",
        "per": 106.58,
        "pbr": 8.35,
        "is_per_red": false,
        "is_pbr_red": false
      },
      {
        "date": "2020/03/31",
        "per": 93.55,
        "pbr": 5.52,
        "is_per_red": false,
        "is_pbr_red": false
      },
      {
        "date": "2021/03/31",
        "per": -1,
        "pbr": 13.1,
        "is_per_red": true,
        "is_pbr_red": false
      },
      {
        "date": "2022/03/31",
        "per": 551.48,
        "pbr": 8.75,
        "is_per_red": false,
        "is_pbr_red": false
      },
      {
        "date": "2023/03/31",
        "per": 100.53,
        "pbr": 9.01,
        "is_per_red": false,
        "is_pbr_red": false
      },
      {
        "date": "2024/03/29",
        "per": 45.88,
        "pbr": 6.69,
        "is_per_red": false,
        "is_pbr_red": false
      }
    ],
    "daily_data": [],
    "financial_data": [],
    "dividend_data": [
      {
        "fiscal_year": "2010/03",
        "total_dividend": 1.1
      },
      {
        "fiscal_year": "2011/03",
        "total_dividend": 1.17
      },
      {
        "fiscal_year": "2012/03",
        "total_dividend": 1.0
      },
      {
        "fiscal_year": "2013/03",
        "total_dividend": 0.67
      }
    ]
  },
  {
    "code": 9012,
    "name": "秩父鉄道",
    "annual_data": [
      {
        "date": "2010/03/26",
        "per": 26.41,
        "pbr": 0.33,
        "is_per_red": false,
        "is_pbr_red": false
      },
      {
        "date": "2011/03/31",
        "per": 13.0,
        "pbr": 0.31,
        "is_per_red": false,
        "is_pbr_red": false
      },
      {
        "date": "2012/03/30",
        "per": 15.17,
        "pbr": 0.3,
        "is_per_red": false,
        "is_pbr_red": false
      },
      {
        "date": "2013/03/29",
        "per": 33.59,
        "pbr": 0.32,
        "is_per_red": false,
        "is_pbr_red": false
      },
      {
        "date": "2014/03/31",
        "per": 46.99,
        "pbr": 0.28,
        "is_per_red": false,
        "is_pbr_red": false
      },
      {
        "date": "2015/03/31",
        "per": 17.8,
        "pbr": 0.29,
        "is_per_red": false,
        "is_pbr_red": false
      },
      {
        "date": "2016/03/31",
        "per": 25.24,
        "pbr": 0.32,
        "is_per_red": false,
        "is_pbr_red": false
      },
      {
        "date": "2017/03/31",
        "per": 7.46,
        "pbr": 0.34,
        "is_per_red": false,
        "is_pbr_red": false
      },
      {
        "date": "2018/03/30",
        "per": 25.05,
        "pbr": 0.37,
        "is_per_red": false,
        "is_pbr_red": false
      },
      {
        "date": "2019/03/28",
        "per": 37.0,
        "pbr": 0.35,
        "is_per_red": false,
        "is_pbr_red": false
      },
      {
        "date": "2020/03/31",
        "per": -1,
        "pbr": 0.31,
        "is_per_red": true,
        "is_pbr_red": false
      },
      {
        "date": "2021/03/30",
        "per": -1,
        "pbr": 0.34,
        "is_per_red": true,
        "is_pbr_red": false
      },
      {
        "date": "2022/03/30",
        "per": -1,
        "pbr": 0.34,
        "is_per_red": true,
        "is_pbr_red": false
      },
      {
        "date": "2023/03/31",
        "per": -1,
        "pbr": 0.68,
        "is_per_red": true,
        "is_pbr_red": false
      },
      {
        "date": "2024/03/29",
        "per": 33.54,
        "pbr": 0.63,
        "is_per_red": false,
        "is_pbr_red": false
      }
    ],
    "daily_data": [],
    "financial_data": [],
    "dividend_data": [
      {
        "fiscal_year": "2013/03",
        "total_dividend": 0.0
      }
    ]
  },
  {
    "code": 9017,
    "name": "新潟交通",
    "annual_data": [
      {
        "date": "2010/03/30",
        "per": 12.61,
        "pbr": 0.83,
        "is_per_red": false,
        "is_pbr_red": false
      },
      {
        "date": "2011/03/31",
        "per": 38.52,
        "pbr": 0.8,
        "is_per_red": false,
        "is_pbr_red": false
      },
      {
        "date": "2012/03/30",
        "per": 39.16,
        "pbr": 0.7,
        "is_per_red": false,
        "is_pbr_red": false
      },
      {
        "date": "2013/03/29",
        "per": 57.34,
        "pbr": 0.7,
        "is_per_red": false,
        "is_pbr_red": false
      },
      {
        "date": "2014/03/31",
        "per": 14.28,
        "pbr": 0.68,
        "is_per_red": false,
        "is_pbr_red": false
      },
      {
        "date": "2015/03/31",
        "per": 8.98,
        "pbr": 0.6,
        "is_per_red": false,
        "is_pbr_red": false
      },
      {
        "date": "2016/03/31",
        "per": 5.89,
        "pbr": 0.53,
        "is_per_red": false,
        "is_pbr_red": false
      },
      {
        "date": "2017/03/31",
        "per": 6.81,
        "pbr": 0.5,
        "is_per_red": false,
        "is_pbr_red": false
      },
      {
        "date": "2018/03/29",
        "per": 6.9,
        "pbr": 0.47,
        "is_per_red": false,
        "is_pbr_red": false
      },
      {
        "date": "2019/03/29",
        "per": 8.53,
        "pbr": 0.46,
        "is_per_red": false,
        "is_pbr_red": false
      },
      {
        "date": "2020/03/31",
        "per": 11.79,
        "pbr": 0.44,
        "is_per_red": false,
        "is_pbr_red": false
      },
      {
        "date": "2021/03/31",
        "per": -1,
        "pbr": 0.46,
        "is_per_red": true,
        "is_pbr_red": false
      },
      {
        "date": "2022/03/31",
        "per": -1,
        "pbr": 0.47,
        "is_per_red": true,
        "is_pbr_red": false
      },
      {
        "date": "2023/03/31",
        "per": 8.67,
        "pbr": 0.46,
        "is_per_red": false,
        "is_pbr_red": false
      },
      {
        "date": "2024/03/29",
        "per": 7.44,
        "pbr": 0.44,
        "is_per_red": false,
        "is_pbr_red": false
      }
    ],
    "daily_data": [],
    "financial_data": [
      {
        "fiscal_year": "2008/03",
        "sales": 25000.0,
        "operating_profit": 1440.0,
        "ordinary_profit": 127.0,
        "net_profit": -140.0,
        "roa": -1,
        "operating_margin": -1,
        "cost_ratio": 5.77,
        "sga_ratio": 69.97
      },
      {
        "fiscal_year": "2009/03",
        "sales": 24800.0,
        "operating_profit": 2150.0,
        "ordinary_profit": 921.0000000000001,
        "net_profit": 413.0,
        "roa": 4.68,
        "operating_margin": 0.63,
        "cost_ratio": 8.65,
        "sga_ratio": 68.33
      },
      {
        "fiscal_year": "2010/03",
        "sales": 23300.0,
        "operating_profit": 2280.0,
        "ordinary_profit": 1140.0,
        "net_profit": 619.0,
        "roe": 16.02,
        "roa": 6.55,
        "operating_margin": 0.96,
        "cost_ratio": 9.82,
        "sga_ratio": 68.4
      },
      {
        "fiscal_year": "2011/03",
        "sales": 21300.0,
        "operating_profit": 1530.0,
        "ordinary_profit": 440.00000000000006,
        "net_profit": 200.99999999999997,
        "eps": 198.0,
        "roe": 5.19,
        "roa": 2.08,
        "operating_margin": 0.32,
        "cost_ratio": 7.18,
        "sga_ratio": 71.46
      },
      {
        "fiscal_year": "2012/03",
        "sales": 20800.0,
        "operating_profit": 1630.0,
        "ordinary_profit": 650.0,
        "net_profit": 190.0,
        "eps": 900.0,
        "roe": 4.93,
        "roa": 1.79,
        "operating_margin": 0.3,
        "cost_ratio": 7.81,
        "sga_ratio": 71.43
      },
      {
        "fiscal_year": "2013/03",
        "sales": 20600.0,
        "operating_profit": 1680.0,
        "ordinary_profit": 725.0,
        "net_profit": 131.0,
        "eps": 125.0,
        "roe": 3.4,
        "roa": 1.22,
        "operating_margin": 0.22,
        "cost_ratio": 8.13,
        "sga_ratio": 70.56
      },
      {
        "fiscal_year": "2014/03",
        "sales": 21100.0,
        "operating_profit": 1960.0000000000002,
        "ordinary_profit": 1060.0,
        "net_profit": 511.00000000000006,
        "eps": 516.0,
        "roe": 13.3,
        "roa": 4.76,
        "operating_margin": 0.89,
        "cost_ratio": 9.28,
        "sga_ratio": 69.58
      },
      {
        "fiscal_year": "2015/03",
        "sales": 20700.0,
        "operating_profit": 2090.0,
        "ordinary_profit": 1260.0,
        "net_profit": 822.0000000000001,
        "eps": 1710.0000000000002,
        "roe": 21.39,
        "roa": 6.64,
        "operating_margin": 1.46,
        "cost_ratio": 10.07,
        "sga_ratio": 68.55
      },
      {
        "fiscal_year": "2016/03",
        "sales": 20500.0,
        "operating_profit": 2260.0,
        "ordinary_profit": 1470.0,
        "net_profit": 1260.0,
        "eps": 1620.0,
        "roe": 32.77,
        "roa": 9.0,
        "operating_margin": 2.24,
        "cost_ratio": 11.0,
        "sga_ratio": 67.93
      },
      {
        "fiscal_year": "2017/03",
        "sales": 20200.0,
        "operating_profit": 2360.0,
        "ordinary_profit": 1580.0,
        "net_profit": 1110.0,
        "eps": 1130.0,
        "roe": 28.92,
        "roa": 7.34,
        "operating_margin": 1.97,
        "cost_ratio": 11.67,
        "sga_ratio": 67.24
      },
      {
        "fiscal_year": "2018/03",
        "sales": 19900.0,
        "operating_profit": 2160.0,
        "ordinary_profit": 1639.9999999999998,
        "net_profit": 1110.0,
        "eps": 1120.0,
        "roe": 289.68,
        "roa": 6.87,
        "operating_margin": 1.98,
        "cost_ratio": 10.86,
        "sga_ratio": 67.84
      },
      {
        "fiscal_year": "2019/03",
        "sales": 19800.0,
        "operating_profit": 1950.0,
        "ordinary_profit": 1550.0,
        "net_profit": 910.0,
        "eps": 834.0,
        "roe": 236.79,
        "roa": 5.35,
        "operating_margin": 1.63,
        "cost_ratio": 9.86,
        "sga_ratio": 68.65
      },
      {
        "fiscal_year": "2020/03",
        "sales": 18700.0,
        "operating_profit": 1390.0,
        "ordinary_profit": 992.0,
        "net_profit": 651.0,
        "eps": 601.0,
        "roe": 169.46,
        "roa": 3.71,
        "operating_margin": 1.18,
        "cost_ratio": 7.46,
        "sga_ratio": 70.25
      },
      {
        "fiscal_year": "2021/03",
        "sales": 13600.0,
        "operating_profit": -913.0000000000001,
        "ordinary_profit": -880.0000000000001,
        "net_profit": -973.0,
        "eps": -897.0000000000001,
        "roe": -253.19,
        "roa": -1,
        "operating_margin": -1,
        "cost_ratio": -6.7,
        "sga_ratio": 80.21
      },
      {
        "fiscal_year": "2022/03",
        "sales": 14400.0,
        "operating_profit": -67.0,
        "ordinary_profit": -229.0,
        "net_profit": -434.0,
        "eps": -366.0,
        "roe": -113.06,
        "roa": -1,
        "operating_margin": -1,
        "cost_ratio": -0.46,
        "sga_ratio": 75.39
      },
      {
        "fiscal_year": "2023/03",
        "sales": 17500.0,
        "operating_profit": 1370.0,
        "ordinary_profit": 971.0000000000001,
        "net_profit": 898.0,
        "eps": 716.0,
        "roe": 233.72,
        "roa": 5.29,
        "operating_margin": 1.58,
        "cost_ratio": 7.86,
        "sga_ratio": 69.72
      },
      {
        "fiscal_year": "2024/03",
        "sales": 19400.0,
        "operating_profit": 1680.0,
        "ordinary_profit": 1320.0,
        "net_profit": 1060.0,
        "eps": 1110.0,
        "roe": 277.21,
        "roa": 5.89,
        "operating_margin": 1.88,
        "cost_ratio": 8.66,
        "sga_ratio": 69.32
      },
      {
        "fiscal_year": "2025/03",
        "sales": 19600.0,
        "operating_profit": 1400.0,
        "ordinary_profit": 1000.0,
        "net_profit": 600.0,
        "roe": 156.19,
        "roa": 3.22,
        "operating_margin": 1.07,
        "cost_ratio": 7.14
      }
    ],
    "dividend_data": [
      {
        "fiscal_year": "2013/03",
        "total_dividend": 0.0
      }
    ]
  },
  {
    "code": 9020,
    "name": "東日本旅客鉄道",
    "annual_data": [
      {
        "date": "2010/03/31",
        "per": 21.63,
        "pbr": 1.46,
        "is_per_red": false,
        "is_pbr_red": false
      },
      {
        "date": "2011/03/31",
        "per": 24.28,
        "pbr": 1.02,
        "is_per_red": false,
        "is_pbr_red": false
      },
      {
        "date": "2012/03/30",
        "per": 19.17,
        "pbr": 1.11,
        "is_per_red": false,
        "is_pbr_red": false
      },
      {
        "date": "2013/03/29",
        "per": 17.43,
        "pbr": 1.51,
        "is_per_red": false,
        "is_pbr_red": false
      },
      {
        "date": "2014/03/31",
        "per": 15.01,
        "pbr": 1.38,
        "is_per_red": false,
        "is_pbr_red": false
      },
      {
        "date": "2015/03/31",
        "per": 21.0,
        "pbr": 1.66,
        "is_per_red": false,
        "is_pbr_red": false
      },
      {
        "date": "2016/03/31",
        "per": 15.52,
        "pbr": 1.56,
        "is_per_red": false,
        "is_pbr_red": false
      },
      {
        "date": "2017/03/31",
        "per": 13.58,
        "pbr": 1.42,
        "is_per_red": false,
        "is_pbr_red": false
      },
      {
        "date": "2018/03/30",
        "per": 13.16,
        "pbr": 1.33,
        "is_per_red": false,
        "is_pbr_red": false
      },
      {
        "date": "2019/03/29",
        "per": 13.81,
        "pbr": 1.33,
        "is_per_red": false,
        "is_pbr_red": false
      },
      {
        "date": "2020/03/31",
        "per": 15.57,
        "pbr": 0.98,
        "is_per_red": false,
        "is_pbr_red": false
      },
      {
        "date": "2021/03/31",
        "per": -1,
        "pbr": 1.17,
        "is_per_red": true,
        "is_pbr_red": false
      },
      {
        "date": "2022/03/31",
        "per": -1,
        "pbr": 1.12,
        "is_per_red": true,
        "is_pbr_red": false
      },
      {
        "date": "2023/03/31",
        "per": 27.85,
        "pbr": 1.12,
        "is_per_red": false,
        "is_pbr_red": false
      },
      {
        "date": "2024/03/29",
        "per": 16.79,
        "pbr": 1.22,
        "is_per_red": false,
        "is_pbr_red": false
      }
    ],
    "daily_data": [],
    "financial_data": [],
    "dividend_data": [
      {
        "fiscal_year": "2010/03",
        "total_dividend": 110.0,
        "dividend_yield": 36.67
      },
      {
        "fiscal_year": "2011/03",
        "total_dividend": 110.0,
        "dividend_yield": 36.67
      },
      {
        "fiscal_year": "2012/03",
        "total_dividend": 110.0,
        "dividend_yield": 36.67
      },
      {
        "fiscal_year": "2013/03",
        "total_dividend": 120.0,
        "dividend_yield": 40.0
      }
    ]
  },
  {
    "code": 9021,
    "name": "西日本旅客鉄道",
    "annual_data": [
      {
        "date": "2010/03/31",
        "per": 25.91,
        "pbr": 0.96,
        "is_per_red": false,
        "is_pbr_red": false
      },
      {
        "date": "2011/03/31",
        "per": 18.35,
        "pbr": 0.93,
        "is_per_red": false,
        "is_pbr_red": false
      },
      {
        "date": "2012/03/30",
        "per": 22.56,
        "pbr": 0.95,
        "is_per_red": false,
        "is_pbr_red": false
      },
      {
        "date": "2013/03/29",
        "per": 14.87,
        "pbr": 1.2,
        "is_per_red": false,
        "is_pbr_red": false
      },
      {
        "date": "2014/03/31",
        "per": 12.43,
        "pbr": 1.04,
        "is_per_red": false,
        "is_pbr_red": false
      },
      {
        "date": "2015/03/31",
        "per": 18.29,
        "pbr": 1.52,
        "is_per_red": false,
        "is_pbr_red": false
      },
      {
        "date": "2016/03/31",
        "per": 15.67,
        "pbr": 1.53,
        "is_per_red": false,
        "is_pbr_red": false
      },
      {
        "date": "2017/03/31",
        "per": 15.36,
        "pbr": 1.49,
        "is_per_red": false,
        "is_pbr_red": false
      },
      {
        "date": "2018/03/30",
        "per": 13.02,
        "pbr": 1.41,
        "is_per_red": false,
        "is_pbr_red": false
      },
      {
        "date": "2019/03/29",
        "per": 15.64,
        "pbr": 1.49,
        "is_per_red": false,
        "is_pbr_red": false
      },
      {
        "date": "2020/03/31",
        "per": 15.84,
        "pbr": 1.26,
        "is_per_red": false,
        "is_pbr_red": false
      },
      {
        "date": "2021/03/31",
        "per": -1,
        "pbr": 1.38,
        "is_per_red": true,
        "is_pbr_red": false
      },
      {
        "date": "2022/03/31",
        "per": -1,
        "pbr": 1.28,
        "is_per_red": true,
        "is_pbr_red": false
      },
      {
        "date": "2023/03/31",
        "per": 15.03,
        "pbr": 1.29,
        "is_per_red": false,
        "is_pbr_red": false
      },
      {
        "date": "2024/03/29",
        "per": 15.48,
        "pbr": 1.38,
        "is_per_red": false,
        "is_pbr_red": false
      }
    ],
    "daily_data": [],
    "financial_data": [],
    "dividend_data": [
      {
        "fiscal_year": "2010/03",
        "total_dividend": 7000.0,
        "dividend_yield": 35.0
      },
      {
        "fiscal_year": "2011/03",
        "total_dividend": 8000.0,
        "dividend_yield": 40.0
      },
      {
        "fiscal_year": "2012/03",
        "total_dividend": 90.0,
        "dividend_yield": 45.0
      },
      {
        "fiscal_year": "2013/03",
        "total_dividend": 110.0,
        "dividend_yield": 55.0
      }
    ]
  },
  {
    "code": 9022,
    "name": "東海旅客鉄道",
    "annual_data": [
      {
        "date": "2010/03/31",
        "per": 16.68,
        "pbr": 1.4,
        "is_per_red": false,
        "is_pbr_red": false
      },
      {
        "date": "2011/03/31",
        "per": 10.59,
        "pbr": 1.17,
        "is_per_red": false,
        "is_pbr_red": false
      },
      {
        "date": "2012/03/30",
        "per": 11.04,
        "pbr": 1.11,
        "is_per_red": false,
        "is_pbr_red": false
      },
      {
        "date": "2013/03/29",
        "per": 10.22,
        "pbr": 1.35,
        "is_per_red": false,
        "is_pbr_red": false
      },
      {
        "date": "2014/03/31",
        "per": 9.28,
        "pbr": 1.35,
        "is_per_red": false,
        "is_pbr_red": false
      },
      {
        "date": "2015/03/31",
        "per": 16.2,
        "pbr": 2.12,
        "is_per_red": false,
        "is_pbr_red": false
      },
      {
        "date": "2016/03/31",
        "per": 11.61,
        "pbr": 1.69,
        "is_per_red": false,
        "is_pbr_red": false
      },
      {
        "date": "2017/03/31",
        "per": 9.09,
        "pbr": 1.33,
        "is_per_red": false,
        "is_pbr_red": false
      },
      {
        "date": "2018/03/30",
        "per": 9.99,
        "pbr": 1.29,
        "is_per_red": false,
        "is_pbr_red": false
      },
      {
        "date": "2019/03/29",
        "per": 11.48,
        "pbr": 1.45,
        "is_per_red": false,
        "is_pbr_red": false
      },
      {
        "date": "2020/03/31",
        "per": 8.54,
        "pbr": 0.89,
        "is_per_red": false,
        "is_pbr_red": false
      },
      {
        "date": "2021/03/31",
        "per": -1,
        "pbr": 0.89,
        "is_per_red": true,
        "is_pbr_red": false
      },
      {
        "date": "2022/03/31",
        "per": -1,
        "pbr": 0.88,
        "is_per_red": true,
        "is_pbr_red": false
      },
      {
        "date": "2023/03/31",
        "per": 14.18,
        "pbr": 0.83,
        "is_per_red": false,
        "is_pbr_red": false
      },
      {
        "date": "2024/03/29",
        "per": 9.54,
        "pbr": 0.88,
        "is_per_red": false,
        "is_pbr_red": false
      }
    ],
    "daily_data": [],
    "financial_data": [],
    "dividend_data": [
      {
        "fiscal_year": "2010/03",
        "total_dividend": 9000.0,
        "dividend_yield": 18.0
      },
      {
        "fiscal_year": "2011/03",
        "total_dividend": 9000.0,
        "dividend_yield": 18.0
      },
      {
        "fiscal_year": "2012/03",
        "total_dividend": 95.0,
        "dividend_yield": 0.19
      },
      {
        "fiscal_year": "2013/03",
        "total_dividend": 105.0
      }
    ]
  },
  {
    "code": 9023,
    "name": "東京地下鉄",
    "annual_data": [
      {
        "date": "2010/03/31",
        "per": 16.68,
        "pbr": 1.4,
        "is_per_red": false,
        "is_pbr_red": false
      },
      {
        "date": "2011/03/31",
        "per": 10.59,
        "pbr": 1.17,
        "is_per_red": false,
        "is_pbr_red": false
      },
      {
        "date": "2012/03/30",
        "per": 11.04,
        "pbr": 1.11,
        "is_per_red": false,
        "is_pbr_red": false
      },
      {
        "date": "2013/03/29",
        "per": 10.22,
        "pbr": 1.35,
        "is_per_red": false,
        "is_pbr_red": false
      },
      {
        "date": "2014/03/31",
        "per": 9.28,
        "pbr": 1.35,
        "is_per_red": false,
        "is_pbr_red": false
      },
      {
        "date": "2015/03/31",
        "per": 16.2,
        "pbr": 2.12,
        "is_per_red": false,
        "is_pbr_red": false
      },
      {
        "date": "2016/03/31",
        "per": 11.61,
        "pbr": 1.69,
        "is_per_red": false,
        "is_pbr_red": false
      },
      {
        "date": "2017/03/31",
        "per": 9.09,
        "pbr": 1.33,
        "is_per_red": false,
        "is_pbr_red": false
      },
      {
        "date": "2018/03/30",
        "per": 9.99,
        "pbr": 1.29,
        "is_per_red": false,
        "is_pbr_red": false
      },
      {
        "date": "2019/03/29",
        "per": 11.48,
        "pbr": 1.45,
        "is_per_red": false,
        "is_pbr_red": false
      },
      {
        "date": "2020/03/31",
        "per": 8.54,
        "pbr": 0.89,
        "is_per_red": false,
        "is_pbr_red": false
      },
      {
        "date": "2021/03/31",
        "per": -1,
        "pbr": 0.89,
        "is_per_red": true,
        "is_pbr_red": false
      },
      {
        "date": "2022/03/31",
        "per": -1,
        "pbr": 0.88,
        "is_per_red": true,
        "is_pbr_red": false
      },
      {
        "date": "2023/03/31",
        "per": 14.18,
        "pbr": 0.83,
        "is_per_red": false,
        "is_pbr_red": false
      },
      {
        "date": "2024/03/29",
        "per": 9.54,
        "pbr": 0.88,
        "is_per_red": false,
        "is_pbr_red": false
      }
    ],
    "daily_data": [],
    "financial_data": [],
    "dividend_data": [
      {
        "fiscal_year": "2010/03"
      },
      {
        "fiscal_year": "2011/03"
      },
      {
        "fiscal_year": "2012/03"
      },
      {
        "fiscal_year": "2013/03"
      },
      {
        "fiscal_year": "2014/03"
      },
      {
        "fiscal_year": "2015/03"
      },
      {
        "fiscal_year": "2016/03"
      },
      {
        "fiscal_year": "2017/03"
      },
      {
        "fiscal_year": "2018/03"
      },
      {
        "fiscal_year": "2019/03"
      },
      {
        "fiscal_year": "2020/03"
      },
      {
        "fiscal_year": "2021/03"
      },
      {
        "fiscal_year": "2022/03"
      },
      {
        "fiscal_year": "2023/03"
      },
      {
        "fiscal_year": "2024/03"
      }
    ]
  },
  {
    "code": 9024,
    "name": "西武ホールディングス",
    "annual_data": [
      {
        "date": "2015/03/31",
        "per": 30.29,
        "pbr": 2.89,
        "is_per_red": false,
        "is_pbr_red": false
      },
      {
        "date": "2016/03/31",
        "per": 14.18,
        "pbr": 2.07,
        "is_per_red": false,
        "is_pbr_red": false
      },
      {
        "date": "2017/03/31",
        "per": 12.3,
        "pbr": 1.62,
        "is_per_red": false,
        "is_pbr_red": false
      },
      {
        "date": "2018/03/30",
        "per": 13.55,
        "pbr": 1.49,
        "is_per_red": false,
        "is_pbr_red": false
      },
      {
        "date": "2019/03/29",
        "per": 13.34,
        "pbr": 1.44,
        "is_per_red": false,
        "is_pbr_red": false
      },
      {
        "date": "2020/03/31",
        "per": 78.26,
        "pbr": 0.97,
        "is_per_red": false,
        "is_pbr_red": false
      },
      {
        "date": "2021/03/31",
        "per": -1,
        "pbr": 1.22,
        "is_per_red": true,
        "is_pbr_red": false
      },
      {
        "date": "2022/03/31",
        "per": 35.95,
        "pbr": 1.23,
        "is_per_red": false,
        "is_pbr_red": false
      },
      {
        "date": "2023/03/31",
        "per": 7.2,
        "pbr": 1.1,
        "is_per_red": false,
        "is_pbr_red": false
      },
      {
        "date": "2024/03/29",
        "per": 27.03,
        "pbr": 1.71,
        "is_per_red": false,
        "is_pbr_red": false
      }
    ],
    "daily_data": [],
    "financial_data": [],
    "dividend_data": [
      {
        "fiscal_year": "2010/03",
        "total_dividend": 5.0
      },
      {
        "fiscal_year": "2011/03",
        "total_dividend": 5.0
      },
      {
        "fiscal_year": "2012/03",
        "total_dividend": 5.0
      },
      {
        "fiscal_year": "2013/03",
        "total_dividend": 7.0
      },
      {
        "fiscal_year": "2014/03",
        "total_dividend": 6.0
      }
    ]
  },
  {
    "code": 9025,
    "name": "鴻池運輸",
    "annual_data": [
      {
        "date": "2013/03/29",
        "per": 10.81,
        "pbr": 0.62,
        "is_per_red": false,
        "is_pbr_red": false
      },
      {
        "date": "2014/03/31",
        "per": 10.37,
        "pbr": 0.62,
        "is_per_red": false,
        "is_pbr_red": false
      },
      {
        "date": "2015/03/31",
        "per": 13.32,
        "pbr": 0.87,
        "is_per_red": false,
        "is_pbr_red": false
      },
      {
        "date": "2016/03/31",
        "per": 11.69,
        "pbr": 0.87,
        "is_per_red": false,
        "is_pbr_red": false
      },
      {
        "date": "2017/03/31",
        "per": 10.73,
        "pbr": 0.85,
        "is_per_red": false,
        "is_pbr_red": false
      },
      {
        "date": "2018/03/30",
        "per": 14.89,
        "pbr": 1.07,
        "is_per_red": false,
        "is_pbr_red": false
      },
      {
        "date": "2019/03/29",
        "per": 16.4,
        "pbr": 1.03,
        "is_per_red": false,
        "is_pbr_red": false
      },
      {
        "date": "2020/03/31",
        "per": 13.64,
        "pbr": 0.63,
        "is_per_red": false,
        "is_pbr_red": false
      },
      {
        "date": "2021/03/31",
        "per": 13.12,
        "pbr": 0.62,
        "is_per_red": false,
        "is_pbr_red": false
      },
      {
        "date": "2022/03/31",
        "per": 7.63,
        "pbr": 0.55,
        "is_per_red": false,
        "is_pbr_red": false
      },
      {
        "date": "2023/03/31",
        "per": 9.5,
        "pbr": 0.65,
        "is_per_red": false,
        "is_pbr_red": false
      },
      {
        "date": "2024/03/29",
        "per": 10.23,
        "pbr": 0.87,
        "is_per_red": false,
        "is_pbr_red": false
      }
    ],
    "daily_data": [],
    "financial_data": [
      {
        "fiscal_year": "2008/03",
        "sales": 218000.0,
        "operating_profit": 9450.0,
        "ordinary_profit": 9180.0,
        "net_profit": 3220.0000000000005,
        "roa": 5.49,
        "operating_margin": 1.97,
        "cost_ratio": 4.34,
        "sga_ratio": 91.17
      },
      {
        "fiscal_year": "2009/03",
        "sales": 217300.0,
        "operating_profit": 7000.0,
        "ordinary_profit": 6520.0,
        "net_profit": 2640.0,
        "roa": 4.54,
        "operating_margin": 1.6,
        "cost_ratio": 3.22,
        "sga_ratio": 92.03
      },
      {
        "fiscal_year": "2010/03",
        "sales": 200000.0,
        "operating_profit": 5170.0,
        "ordinary_profit": 4850.0,
        "net_profit": 1280.0,
        "roe": 19.31,
        "roa": 2.17,
        "operating_margin": 0.8,
        "cost_ratio": 2.58,
        "sga_ratio": 92.32
      },
      {
        "fiscal_year": "2011/03",
        "sales": 211100.0,
        "operating_profit": 5740.0,
        "ordinary_profit": 5370.0,
        "net_profit": 401.99999999999994,
        "eps": -896.0000000000001,
        "roe": 6.05,
        "roa": 0.69,
        "operating_margin": 0.26,
        "cost_ratio": 2.72,
        "sga_ratio": 92.15
      },
      {
        "fiscal_year": "2012/03",
        "sales": 227000.0,
        "operating_profit": 7950.0,
        "ordinary_profit": 7670.0,
        "net_profit": 2720.0,
        "eps": 2630.0,
        "roe": 40.97,
        "roa": 4.48,
        "operating_margin": 1.67,
        "cost_ratio": 3.5,
        "sga_ratio": 91.94
      },
      {
        "fiscal_year": "2013/03",
        "sales": 227700.0,
        "operating_profit": 7690.000000000001,
        "ordinary_profit": 7540.000000000001,
        "net_profit": 3979.9999999999995,
        "eps": 5380.0,
        "roe": 69.91,
        "roa": 5.74,
        "operating_margin": 2.33,
        "cost_ratio": 3.38,
        "sga_ratio": 91.78
      },
      {
        "fiscal_year": "2014/03",
        "sales": 231500.0,
        "operating_profit": 7940.000000000001,
        "ordinary_profit": 8009.999999999999,
        "net_profit": 4370.0,
        "eps": 6840.000000000001,
        "roe": 76.78,
        "roa": 5.96,
        "operating_margin": 2.51,
        "cost_ratio": 3.43,
        "sga_ratio": 91.71
      },
      {
        "fiscal_year": "2015/03",
        "sales": 245000.0,
        "operating_profit": 9360.0,
        "ordinary_profit": 9590.0,
        "net_profit": 5440.0,
        "eps": 8740.0,
        "roe": 95.59,
        "roa": 6.56,
        "operating_margin": 2.82,
        "cost_ratio": 3.82,
        "sga_ratio": 91.37
      },
      {
        "fiscal_year": "2016/03",
        "sales": 252600.0,
        "operating_profit": 10300.0,
        "ordinary_profit": 10700.0,
        "net_profit": 6409.999999999999,
        "eps": 5420.0,
        "roe": 112.67,
        "roa": 7.4,
        "operating_margin": 3.34,
        "cost_ratio": 4.06,
        "sga_ratio": 90.94
      },
      {
        "fiscal_year": "2017/03",
        "sales": 258300.0,
        "operating_profit": 10200.0,
        "ordinary_profit": 10700.0,
        "net_profit": 7309.999999999999,
        "eps": 7420.0,
        "roe": 128.45,
        "roa": 7.95,
        "operating_margin": 3.57,
        "cost_ratio": 3.96,
        "sga_ratio": 90.99
      },
      {
        "fiscal_year": "2018/03",
        "sales": 276800.0,
        "operating_profit": 11100.0,
        "ordinary_profit": 11500.0,
        "net_profit": 7040.000000000001,
        "eps": 8100.0,
        "roe": 123.69,
        "roa": 7.19,
        "operating_margin": 3.33,
        "cost_ratio": 4.0,
        "sga_ratio": 91.1
      },
      {
        "fiscal_year": "2019/03",
        "sales": 294200.0,
        "operating_profit": 11000.0,
        "ordinary_profit": 11400.0,
        "net_profit": 6290.0,
        "eps": 4850.0,
        "roe": 111.62,
        "roa": 6.4,
        "operating_margin": 2.95,
        "cost_ratio": 3.73,
        "sga_ratio": 91.16
      },
      {
        "fiscal_year": "2020/03",
        "sales": 310800.0,
        "operating_profit": 9690.0,
        "ordinary_profit": 9560.0,
        "net_profit": 4590.0,
        "eps": 3550.0,
        "roe": 84.88,
        "roa": 4.78,
        "operating_margin": 2.06,
        "cost_ratio": 3.12,
        "sga_ratio": 91.67
      },
      {
        "fiscal_year": "2021/03",
        "sales": 292300.0,
        "operating_profit": 4000.0,
        "ordinary_profit": 9400.0,
        "net_profit": 4840.0,
        "eps": 6580.0,
        "roe": 92.13,
        "roa": 4.76,
        "operating_margin": 1.87,
        "cost_ratio": 1.37,
        "sga_ratio": 93.31
      },
      {
        "fiscal_year": "2022/03",
        "sales": 301400.0,
        "operating_profit": 10300.0,
        "ordinary_profit": 11800.0,
        "net_profit": 7990.000000000001,
        "eps": 9900.0,
        "roe": 151.31,
        "roa": 7.2,
        "operating_margin": 3.1,
        "cost_ratio": 3.41,
        "sga_ratio": 91.42
      },
      {
        "fiscal_year": "2023/03",
        "sales": 311800.0,
        "operating_profit": 13200.0,
        "ordinary_profit": 14300.0,
        "net_profit": 8300.0,
        "eps": 12400.0,
        "roe": 156.73,
        "roa": 6.84,
        "operating_margin": 3.12,
        "cost_ratio": 4.25,
        "sga_ratio": 91.0
      },
      {
        "fiscal_year": "2024/03",
        "sales": 315000.0,
        "operating_profit": 16600.0,
        "ordinary_profit": 17000.0,
        "net_profit": 11300.0,
        "eps": 14700.0,
        "roe": 214.05,
        "roa": 8.52,
        "operating_margin": 4.1,
        "cost_ratio": 5.28,
        "sga_ratio": 89.23
      },
      {
        "fiscal_year": "2025/03",
        "sales": 347000.0,
        "operating_profit": 21500.0,
        "ordinary_profit": 21500.0,
        "net_profit": 16500.0,
        "roe": 310.89,
        "roa": 11.44,
        "operating_margin": 5.72,
        "cost_ratio": 6.2
      }
    ],
    "dividend_data": [
      {
        "fiscal_year": "2010/03",
        "total_dividend": 10.0,
        "dividend_yield": 5.0
      },
      {
        "fiscal_year": "2011/03",
        "total_dividend": 8.0,
        "dividend_yield": 4.0
      },
      {
        "fiscal_year": "2012/03",
        "total_dividend": 10.0,
        "dividend_yield": 5.0
      },
      {
        "fiscal_year": "2013/03",
        "total_dividend": 15.0,
        "dividend_yield": 7.5
      }
    ]
  },
  {
    "code": 9028,
    "name": "ゼロ",
    "annual_data": [
      {
        "date": "2010/06/30",
        "per": 16.49,
        "pbr": 0.26,
        "is_per_red": false,
        "is_pbr_red": false
      },
      {
        "date": "2011/06/30",
        "per": 7.66,
        "pbr": 0.28,
        "is_per_red": false,
        "is_pbr_red": false
      },
      {
        "date": "2012/06/29",
        "per": 5.96,
        "pbr": 0.42,
        "is_per_red": false,
        "is_pbr_red": false
      },
      {
        "date": "2013/06/28",
        "per": 8.34,
        "pbr": 0.43,
        "is_per_red": false,
        "is_pbr_red": false
      },
      {
        "date": "2014/06/30",
        "per": 7.89,
        "pbr": 0.89,
        "is_per_red": false,
        "is_pbr_red": false
      },
      {
        "date": "2015/06/30",
        "per": 6.04,
        "pbr": 0.9,
        "is_per_red": false,
        "is_pbr_red": false
      },
      {
        "date": "2016/06/30",
        "per": 6.3,
        "pbr": 1.22,
        "is_per_red": false,
        "is_pbr_red": false
      },
      {
        "date": "2017/06/30",
        "per": 7.61,
        "pbr": 1.26,
        "is_per_red": false,
        "is_pbr_red": false
      },
      {
        "date": "2018/06/29",
        "per": 9.4,
        "pbr": 0.9,
        "is_per_red": false,
        "is_pbr_red": false
      },
      {
        "date": "2019/06/28",
        "per": 8.03,
        "pbr": 0.57,
        "is_per_red": false,
        "is_pbr_red": false
      },
      {
        "date": "2020/06/30",
        "per": 6.1,
        "pbr": 0.58,
        "is_per_red": false,
        "is_pbr_red": false
      },
      {
        "date": "2021/06/30",
        "per": 5.93,
        "pbr": 0.75,
        "is_per_red": false,
        "is_pbr_red": false
      },
      {
        "date": "2022/06/30",
        "per": 6.92,
        "pbr": 0.58,
        "is_per_red": false,
        "is_pbr_red": false
      },
      {
        "date": "2023/06/30",
        "per": 6.54,
        "pbr": 0.67,
        "is_per_red": false,
        "is_pbr_red": false
      },
      {
        "date": "2024/06/28",
        "per": 7.54,
        "pbr": 0.83,
        "is_per_red": false,
        "is_pbr_red": false
      }
    ],
    "daily_data": [],
    "financial_data": [
      {
        "fiscal_year": "2008/06",
        "sales": 55900.0,
        "operating_profit": 1420.0,
        "ordinary_profit": 787.0,
        "roe": 6.03,
        "roa": 2.84,
        "operating_margin": 2.53,
        "cost_ratio": 88.97,
        "sga_ratio": 8.49
      },
      {
        "fiscal_year": "2009/06",
        "sales": 51600.0,
        "operating_profit": -532.0,
        "ordinary_profit": -715.0,
        "roe": -1,
        "roa": -1,
        "operating_margin": -1.03,
        "cost_ratio": 90.58,
        "sga_ratio": 10.45
      },
      {
        "fiscal_year": "2010/06",
        "sales": 51800.0,
        "operating_profit": 709.0,
        "ordinary_profit": 197.0,
        "eps": 11.22,
        "roe": 1.59,
        "roa": 0.61,
        "operating_margin": 1.37,
        "cost_ratio": 88.72,
        "sga_ratio": 9.91
      },
      {
        "fiscal_year": "2011/06",
        "sales": 52700.0,
        "operating_profit": 1250.0,
        "ordinary_profit": 461.00000000000006,
        "net_profit": 447.0,
        "eps": 26.25,
        "roe": 3.62,
        "roa": 1.49,
        "operating_margin": 2.36,
        "cost_ratio": 88.14,
        "sga_ratio": 9.49
      },
      {
        "fiscal_year": "2012/06",
        "sales": 57400.0,
        "operating_profit": 2330.0,
        "ordinary_profit": 940.0,
        "net_profit": 1100.0,
        "eps": 53.53,
        "roe": 6.97,
        "roa": 3.11,
        "operating_margin": 4.06,
        "cost_ratio": 86.84,
        "sga_ratio": 9.1
      },
      {
        "fiscal_year": "2013/06",
        "sales": 60100.0,
        "operating_profit": 1600.0,
        "ordinary_profit": 716.0,
        "net_profit": 760.0,
        "eps": 40.77,
        "roe": 5.11,
        "roa": 2.3,
        "operating_margin": 2.66,
        "cost_ratio": 87.68,
        "sga_ratio": 9.65
      },
      {
        "fiscal_year": "2014/06",
        "sales": 67600.0,
        "operating_profit": 2850.0,
        "ordinary_profit": 1510.0,
        "net_profit": 1600.0,
        "eps": 88.34,
        "roe": 11.27,
        "roa": 4.99,
        "operating_margin": 4.22,
        "cost_ratio": 86.25,
        "sga_ratio": 9.53
      },
      {
        "fiscal_year": "2015/06",
        "sales": 75300.0,
        "ordinary_profit": 2330.0,
        "net_profit": 2580.0,
        "eps": 136.49,
        "roe": 14.95,
        "roa": 6.92,
        "operating_margin": 4.86,
        "cost_ratio": 88.18,
        "sga_ratio": 9.48
      },
      {
        "fiscal_year": "2016/06",
        "sales": 77800.0,
        "operating_profit": 5390.0,
        "ordinary_profit": 3460.0,
        "net_profit": 3030.0,
        "eps": 207.54,
        "roe": 19.47,
        "roa": 9.64,
        "operating_margin": 6.93,
        "cost_ratio": 83.36,
        "sga_ratio": 9.87
      },
      {
        "fiscal_year": "2017/06",
        "sales": 79100.0,
        "operating_profit": 5630.0,
        "ordinary_profit": 3460.0,
        "net_profit": 3890.0,
        "eps": 207.69,
        "roe": 16.72,
        "roa": 9.09,
        "operating_margin": 7.11
      },
      {
        "fiscal_year": "2018/06",
        "sales": 81400.0,
        "operating_profit": 4120.0,
        "ordinary_profit": 2130.0,
        "net_profit": 2270.0,
        "eps": 128.28,
        "roe": 9.63,
        "roa": 5.56,
        "operating_margin": 5.06,
        "cost_ratio": 84.78,
        "sga_ratio": 10.56
      },
      {
        "fiscal_year": "2019/06",
        "sales": 90200.0,
        "operating_profit": 3310.0,
        "ordinary_profit": 1660.0000000000002,
        "net_profit": 1260.0,
        "eps": 99.72,
        "roe": 7.19,
        "roa": 4.19,
        "operating_margin": 3.66,
        "cost_ratio": 86.56,
        "sga_ratio": 10.31
      },
      {
        "fiscal_year": "2020/06",
        "sales": 89500.0,
        "operating_profit": 3679.9999999999995,
        "ordinary_profit": 2370.0,
        "net_profit": 2360.0,
        "eps": 142.28,
        "roe": 9.55,
        "roa": 5.33,
        "operating_margin": 4.11,
        "cost_ratio": 86.14,
        "sga_ratio": 10.17
      },
      {
        "fiscal_year": "2021/06",
        "sales": 92200.0,
        "operating_profit": 5330.0,
        "ordinary_profit": 3629.9999999999995,
        "net_profit": 3960.0,
        "eps": 216.53,
        "roe": 12.82,
        "roa": 7.12,
        "operating_margin": 5.78,
        "cost_ratio": 85.46,
        "sga_ratio": 9.49
      },
      {
        "fiscal_year": "2022/06",
        "sales": 107000.0,
        "operating_profit": 3910.0,
        "ordinary_profit": 2540.0,
        "net_profit": 2650.0,
        "eps": 150.85,
        "roe": 8.43,
        "roa": 4.59,
        "operating_margin": 3.65,
        "cost_ratio": 87.74,
        "sga_ratio": 8.74
      },
      {
        "fiscal_year": "2023/06",
        "sales": 132900.0,
        "operating_profit": 5070.0,
        "ordinary_profit": 3440.0,
        "net_profit": 3820.0000000000005,
        "eps": 203.9,
        "roe": 10.33,
        "roa": 6.08,
        "operating_margin": 3.82,
        "cost_ratio": 88.56,
        "sga_ratio": 7.78
      },
      {
        "fiscal_year": "2024/06",
        "sales": 140800.0,
        "operating_profit": 6220.0,
        "ordinary_profit": 4150.0,
        "net_profit": 4840.0,
        "eps": 245.58,
        "roe": 11.15,
        "roa": 5.87,
        "operating_margin": 4.42,
        "cost_ratio": 87.45,
        "sga_ratio": 8.03
      },
      {
        "fiscal_year": "2025/06",
        "sales": 135000.0,
        "operating_profit": 8100.0,
        "ordinary_profit": 5500.0,
        "eps": 330.16,
        "roe": 14.39,
        "roa": 7.77,
        "operating_margin": 6.0
      }
    ],
    "dividend_data": [
      {
        "fiscal_year": "2010/03",
        "total_dividend": 8.0,
        "dividend_yield": 4.32
      },
      {
        "fiscal_year": "2011/03",
        "total_dividend": 8.0,
        "dividend_yield": 3.98
      },
      {
        "fiscal_year": "2012/03",
        "total_dividend": 11.0,
        "dividend_yield": 3.45
      },
      {
        "fiscal_year": "2013/03",
        "total_dividend": 8.4,
        "dividend_yield": 2.47
      }
    ]
  },
  {
    "code": 9029,
    "name": "ヒガシトゥエンティワン",
    "annual_data": [
      {
        "date": "2012/03/30",
        "per": 6.37,
        "pbr": 0.45,
        "is_per_red": false,
        "is_pbr_red": false
      },
      {
        "date": "2013/03/29",
        "per": 7.88,
        "pbr": 0.51,
        "is_per_red": false,
        "is_pbr_red": false
      },
      {
        "date": "2014/03/31",
        "per": 7.76,
        "pbr": 0.53,
        "is_per_red": false,
        "is_pbr_red": false
      },
      {
        "date": "2015/03/31",
        "per": 11.98,
        "pbr": 0.71,
        "is_per_red": false,
        "is_pbr_red": false
      },
      {
        "date": "2016/03/31",
        "per": 17.88,
        "pbr": 0.57,
        "is_per_red": false,
        "is_pbr_red": false
      },
      {
        "date": "2017/03/31",
        "per": 8.73,
        "pbr": 0.66,
        "is_per_red": false,
        "is_pbr_red": false
      },
      {
        "date": "2018/03/30",
        "per": 11.13,
        "pbr": 0.74,
        "is_per_red": false,
        "is_pbr_red": false
      },
      {
        "date": "2019/03/29",
        "per": 10.35,
        "pbr": 0.75,
        "is_per_red": false,
        "is_pbr_red": false
      },
      {
        "date": "2020/03/31",
        "per": 9.06,
        "pbr": 0.75,
        "is_per_red": false,
        "is_pbr_red": false
      },
      {
        "date": "2021/03/31",
        "per": 11.73,
        "pbr": 0.88,
        "is_per_red": false,
        "is_pbr_red": false
      },
      {
        "date": "2022/03/31",
        "per": 7.19,
        "pbr": 0.82,
        "is_per_red": false,
        "is_pbr_red": false
      },
      {
        "date": "2023/03/31",
        "per": 9.85,
        "pbr": 1.15,
        "is_per_red": false,
        "is_pbr_red": false
      },
      {
        "date": "2024/03/29",
        "per": 11.34,
        "pbr": 1.39,
        "is_per_red": false,
        "is_pbr_red": false
      }
    ],
    "daily_data": [],
    "financial_data": [
      {
        "fiscal_year": "2008/03",
        "sales": 18600.0,
        "operating_profit": 560.0,
        "ordinary_profit": 537.0,
        "net_profit": 385.0,
        "roa": 9.08,
        "operating_margin": 3.23,
        "cost_ratio": 3.01,
        "sga_ratio": 83.68
      },
      {
        "fiscal_year": "2009/03",
        "sales": 18100.0,
        "operating_profit": 698.0,
        "ordinary_profit": 674.0,
        "net_profit": 334.0,
        "roa": 7.45,
        "operating_margin": 2.93,
        "cost_ratio": 3.85,
        "sga_ratio": 82.64
      },
      {
        "fiscal_year": "2010/03",
        "sales": 16900.0,
        "operating_profit": 535.0,
        "ordinary_profit": 511.00000000000006,
        "net_profit": 241.0,
        "roe": 20.98,
        "roa": 5.19,
        "operating_margin": 2.14,
        "cost_ratio": 3.16,
        "sga_ratio": 81.76
      },
      {
        "fiscal_year": "2011/03",
        "sales": 17500.0,
        "operating_profit": 684.0,
        "ordinary_profit": 671.0,
        "net_profit": 337.0,
        "roe": 29.3,
        "roa": 6.88,
        "operating_margin": 2.96,
        "cost_ratio": 3.91,
        "sga_ratio": 81.68
      },
      {
        "fiscal_year": "2012/03",
        "sales": 18300.0,
        "operating_profit": 722.0,
        "ordinary_profit": 740.0,
        "net_profit": 367.0,
        "roe": 31.89,
        "roa": 7.1,
        "operating_margin": 3.13,
        "cost_ratio": 3.94,
        "sga_ratio": 81.61
      },
      {
        "fiscal_year": "2013/03",
        "sales": 17900.0,
        "operating_profit": 626.0,
        "ordinary_profit": 657.0,
        "net_profit": 349.0,
        "roe": 30.32,
        "roa": 6.43,
        "operating_margin": 3.17,
        "cost_ratio": 3.51,
        "sga_ratio": 81.76
      },
      {
        "fiscal_year": "2014/03",
        "sales": 17500.0,
        "operating_profit": 672.0,
        "ordinary_profit": 697.0,
        "net_profit": 388.0,
        "roe": 33.75,
        "roa": 6.79,
        "operating_margin": 3.5,
        "cost_ratio": 3.85,
        "sga_ratio": 82.57
      },
      {
        "fiscal_year": "2015/03",
        "sales": 17600.0,
        "operating_profit": 693.0,
        "ordinary_profit": 725.0,
        "net_profit": 359.0,
        "roe": 31.22,
        "roa": 5.89,
        "operating_margin": 3.28,
        "cost_ratio": 3.94,
        "sga_ratio": 83.02
      },
      {
        "fiscal_year": "2016/03",
        "sales": 18100.0,
        "operating_profit": 711.0,
        "ordinary_profit": 731.0,
        "net_profit": 204.0,
        "eps": 188.0,
        "roe": 16.44,
        "roa": 3.04,
        "operating_margin": 1.67,
        "cost_ratio": 3.92,
        "sga_ratio": 81.99
      },
      {
        "fiscal_year": "2017/03",
        "sales": 19400.0,
        "operating_profit": 670.0,
        "ordinary_profit": 700.0,
        "net_profit": 537.0,
        "eps": 554.0,
        "roe": 41.01,
        "roa": 7.51,
        "operating_margin": 4.37,
        "cost_ratio": 3.45,
        "sga_ratio": 81.88
      },
      {
        "fiscal_year": "2018/03",
        "sales": 20900.0,
        "operating_profit": 811.0,
        "ordinary_profit": 814.0,
        "net_profit": 501.0,
        "eps": 533.0,
        "roe": 38.29,
        "roa": 6.62,
        "operating_margin": 3.6,
        "cost_ratio": 3.88,
        "sga_ratio": 81.22
      },
      {
        "fiscal_year": "2019/03",
        "sales": 23500.0,
        "operating_profit": 886.0,
        "ordinary_profit": 925.0,
        "net_profit": 585.0,
        "eps": 569.0,
        "roe": 44.64,
        "roa": 7.44,
        "operating_margin": 4.06,
        "cost_ratio": 3.77,
        "sga_ratio": 81.32
      },
      {
        "fiscal_year": "2020/03",
        "sales": 25100.0,
        "operating_profit": 997.0000000000001,
        "ordinary_profit": 1060.0,
        "net_profit": 692.0,
        "eps": 663.0,
        "roe": 53.62,
        "roa": 8.26,
        "operating_margin": 4.51,
        "cost_ratio": 3.97,
        "sga_ratio": 80.81
      },
      {
        "fiscal_year": "2021/03",
        "sales": 24400.0,
        "operating_profit": 1019.9999999999999,
        "ordinary_profit": 1290.0,
        "net_profit": 667.0,
        "eps": 727.0,
        "roe": 51.33,
        "roa": 7.48,
        "operating_margin": 4.22,
        "cost_ratio": 4.19,
        "sga_ratio": 79.28
      },
      {
        "fiscal_year": "2022/03",
        "sales": 28000.0,
        "operating_profit": 1480.0,
        "ordinary_profit": 1670.0,
        "net_profit": 1120.0,
        "eps": 1150.0,
        "roe": 85.92,
        "roa": 11.36,
        "operating_margin": 6.18,
        "cost_ratio": 5.28,
        "sga_ratio": 79.22
      },
      {
        "fiscal_year": "2023/03",
        "sales": 34800.0,
        "operating_profit": 1910.0000000000002,
        "ordinary_profit": 2030.0,
        "net_profit": 1270.0,
        "eps": 1310.0,
        "roe": 96.82,
        "roa": 11.67,
        "operating_margin": 5.98,
        "cost_ratio": 5.48,
        "sga_ratio": 79.86
      },
      {
        "fiscal_year": "2024/03",
        "sales": 40600.0,
        "operating_profit": 2190.0,
        "ordinary_profit": 2310.0,
        "net_profit": 1510.0,
        "eps": 1780.0,
        "roe": 114.49,
        "roa": 12.24,
        "operating_margin": 5.9,
        "cost_ratio": 5.39,
        "sga_ratio": 80.86
      },
      {
        "fiscal_year": "2025/03",
        "sales": 42500.0,
        "operating_profit": 2450.0,
        "ordinary_profit": 2600.0,
        "net_profit": 1639.9999999999998,
        "roe": 124.0,
        "roa": 13.06,
        "operating_margin": 6.1,
        "cost_ratio": 5.76
      }
    ],
    "dividend_data": [
      {
        "fiscal_year": "2010/03",
        "total_dividend": 7.5
      },
      {
        "fiscal_year": "2011/03",
        "total_dividend": 8.5
      },
      {
        "fiscal_year": "2012/03",
        "total_dividend": 8.5,
        "dividend_yield": 4.2
      },
      {
        "fiscal_year": "2013/03",
        "total_dividend": 8.5,
        "dividend_yield": 3.56
      }
    ]
  },
  {
    "code": 9031,
    "name": "西日本鉄道",
    "annual_data": [
      {
        "date": "2010/03/31",
        "per": 49.86,
        "pbr": 1.39,
        "is_per_red": false,
        "is_pbr_red": false
      },
      {
        "date": "2011/03/31",
        "per": 24.57,
        "pbr": 1.36,
        "is_per_red": false,
        "is_pbr_red": false
      },
      {
        "date": "2012/03/30",
        "per": 28.61,
        "pbr": 1.44,
        "is_per_red": false,
        "is_pbr_red": false
      },
      {
        "date": "2013/03/29",
        "per": 16.53,
        "pbr": 1.3,
        "is_per_red": false,
        "is_pbr_red": false
      },
      {
        "date": "2014/03/31",
        "per": 13.59,
        "pbr": 1.24,
        "is_per_red": false,
        "is_pbr_red": false
      },
      {
        "date": "2015/03/31",
        "per": 20.98,
        "pbr": 1.56,
        "is_per_red": false,
        "is_pbr_red": false
      },
      {
        "date": "2016/03/31",
        "per": 19.08,
        "pbr": 1.97,
        "is_per_red": false,
        "is_pbr_red": false
      },
      {
        "date": "2017/03/31",
        "per": 15.19,
        "pbr": 1.13,
        "is_per_red": false,
        "is_pbr_red": false
      },
      {
        "date": "2018/03/30",
        "per": 18.96,
        "pbr": 1.23,
        "is_per_red": false,
        "is_pbr_red": false
      },
      {
        "date": "2019/03/29",
        "per": 33.36,
        "pbr": 1.2,
        "is_per_red": false,
        "is_pbr_red": false
      },
      {
        "date": "2020/03/31",
        "per": 31.35,
        "pbr": 1.2,
        "is_per_red": false,
        "is_pbr_red": false
      },
      {
        "date": "2021/03/31",
        "per": -1,
        "pbr": 1.42,
        "is_per_red": true,
        "is_pbr_red": false
      },
      {
        "date": "2022/03/31",
        "per": 21.41,
        "pbr": 1.22,
        "is_per_red": false,
        "is_pbr_red": false
      },
      {
        "date": "2023/03/31",
        "per": 10.26,
        "pbr": 0.97,
        "is_per_red": false,
        "is_pbr_red": false
      },
      {
        "date": "2024/03/29",
        "per": 8.02,
        "pbr": 0.87,
        "is_per_red": false,
        "is_pbr_red": false
      }
    ],
    "daily_data": [],
    "financial_data": [],
    "dividend_data": [
      {
        "fiscal_year": "2010/03",
        "total_dividend": 6.0,
        "dividend_yield": 1.66
      },
      {
        "fiscal_year": "2011/03",
        "total_dividend": 6.0,
        "dividend_yield": 1.68
      },
      {
        "fiscal_year": "2012/03",
        "total_dividend": 6.0,
        "dividend_yield": 1.54
      },
      {
        "fiscal_year": "2013/03",
        "total_dividend": 6.0,
        "dividend_yield": 1.57
      }
    ]
  },
  {
    "code": 9033,
    "name": "広島電鉄",
    "annual_data": [
      {
        "date": "2010/03/31",
        "per": 113.95,
        "pbr": 0.72,
        "is_per_red": false,
        "is_pbr_red": false
      },
      {
        "date": "2011/03/31",
        "per": 24.44,
        "pbr": 0.73,
        "is_per_red": false,
        "is_pbr_red": false
      },
      {
        "date": "2012/03/30",
        "per": 16.43,
        "pbr": 0.66,
        "is_per_red": false,
        "is_pbr_red": false
      },
      {
        "date": "2013/03/29",
        "per": 15.54,
        "pbr": 0.64,
        "is_per_red": false,
        "is_pbr_red": false
      },
      {
        "date": "2014/03/31",
        "per": 15.77,
        "pbr": 0.64,
        "is_per_red": false,
        "is_pbr_red": false
      },
      {
        "date": "2015/03/31",
        "per": 24.56,
        "pbr": 0.68,
        "is_per_red": false,
        "is_pbr_red": false
      },
      {
        "date": "2016/03/31",
        "per": 14.83,
        "pbr": 0.69,
        "is_per_red": false,
        "is_pbr_red": false
      },
      {
        "date": "2017/03/31",
        "per": 22.66,
        "pbr": 0.73,
        "is_per_red": false,
        "is_pbr_red": false
      },
      {
        "date": "2018/03/30",
        "per": 40.09,
        "pbr": 0.83,
        "is_per_red": false,
        "is_pbr_red": false
      },
      {
        "date": "2019/03/29",
        "per": 53.65,
        "pbr": 0.83,
        "is_per_red": false,
        "is_pbr_red": false
      },
      {
        "date": "2020/03/31",
        "per": 52.65,
        "pbr": 0.81,
        "is_per_red": false,
        "is_pbr_red": false
      },
      {
        "date": "2021/03/31",
        "per": -1,
        "pbr": 0.76,
        "is_per_red": true,
        "is_pbr_red": false
      },
      {
        "date": "2022/03/31",
        "per": -1,
        "pbr": 0.68,
        "is_per_red": true,
        "is_pbr_red": false
      },
      {
        "date": "2023/03/31",
        "per": 26.3,
        "pbr": 0.65,
        "is_per_red": false,
        "is_pbr_red": false
      },
      {
        "date": "2024/03/29",
        "per": 35.88,
        "pbr": 0.58,
        "is_per_red": false,
        "is_pbr_red": false
      }
    ],
    "daily_data": [],
    "financial_data": [],
    "dividend_data": [
      {
        "fiscal_year": "2010/03",
        "total_dividend": 0.75
      },
      {
        "fiscal_year": "2011/03",
        "total_dividend": 0.72
      },
      {
        "fiscal_year": "2012/03",
        "total_dividend": 1.02
      },
      {
        "fiscal_year": "2013/03",
        "total_dividend": 0.99
      },
      {
        "fiscal_year": "2021/03",
        "total_dividend": 0.0
      },
      {
        "fiscal_year": "2022/03",
        "total_dividend": 0.0
      }
    ]
  },
  {
    "code": 9034,
    "name": "南総通運",
    "annual_data": [
      {
        "date": "2010/03/30",
        "per": 6.14,
        "pbr": 0.2,
        "is_per_red": false,
        "is_pbr_red": false
      },
      {
        "date": "2011/03/28",
        "per": 6.0,
        "pbr": 0.19,
        "is_per_red": false,
        "is_pbr_red": false
      },
      {
        "date": "2012/03/30",
        "per": 9.74,
        "pbr": 0.2,
        "is_per_red": false,
        "is_pbr_red": false
      },
      {
        "date": "2013/03/29",
        "per": 5.04,
        "pbr": 0.27,
        "is_per_red": false,
        "is_pbr_red": false
      },
      {
        "date": "2014/03/31",
        "per": 5.3,
        "pbr": 0.27,
        "is_per_red": false,
        "is_pbr_red": false
      },
      {
        "date": "2015/03/31",
        "per": 7.09,
        "pbr": 0.32,
        "is_per_red": false,
        "is_pbr_red": false
      },
      {
        "date": "2016/03/30",
        "per": 4.66,
        "pbr": 0.23,
        "is_per_red": false,
        "is_pbr_red": false
      },
      {
        "date": "2017/03/31",
        "per": 5.29,
        "pbr": 0.3,
        "is_per_red": false,
        "is_pbr_red": false
      },
      {
        "date": "2018/03/30",
        "per": 7.2,
        "pbr": 0.41,
        "is_per_red": false,
        "is_pbr_red": false
      },
      {
        "date": "2019/03/29",
        "per": 6.59,
        "pbr": 0.35,
        "is_per_red": false,
        "is_pbr_red": false
      },
      {
        "date": "2020/03/31",
        "per": 5.35,
        "pbr": 0.26,
        "is_per_red": false,
        "is_pbr_red": false
      },
      {
        "date": "2021/03/31",
        "per": 8.15,
        "pbr": 0.32,
        "is_per_red": false,
        "is_pbr_red": false
      },
      {
        "date": "2022/03/31",
        "per": 5.19,
        "pbr": 0.27,
        "is_per_red": false,
        "is_pbr_red": false
      },
      {
        "date": "2023/03/31",
        "per": 6.12,
        "pbr": 0.32,
        "is_per_red": false,
        "is_pbr_red": false
      },
      {
        "date": "2024/03/29",
        "per": 6.83,
        "pbr": 0.5,
        "is_per_red": false,
        "is_pbr_red": false
      }
    ],
    "daily_data": [],
    "financial_data": [],
    "dividend_data": [
      {
        "fiscal_year": "2010/03",
        "total_dividend": 10.0,
        "dividend_yield": 5.0
      },
      {
        "fiscal_year": "2011/03",
        "total_dividend": 10.0,
        "dividend_yield": 5.0
      },
      {
        "fiscal_year": "2012/03",
        "total_dividend": 10.0,
        "dividend_yield": 5.0
      },
      {
        "fiscal_year": "2013/03",
        "total_dividend": 20.0,
        "dividend_yield": 10.0
      }
    ]
  },
  {
    "code": 9036,
    "name": "東部ネットワーク",
    "annual_data": [
      {
        "date": "2010/03/31",
        "per": 10.22,
        "pbr": 0.26,
        "is_per_red": false,
        "is_pbr_red": false
      },
      {
        "date": "2011/03/31",
        "per": 7.45,
        "pbr": 0.24,
        "is_per_red": false,
        "is_pbr_red": false
      },
      {
        "date": "2012/03/30",
        "per": 7.66,
        "pbr": 0.25,
        "is_per_red": false,
        "is_pbr_red": false
      },
      {
        "date": "2013/03/29",
        "per": 9.23,
        "pbr": 0.33,
        "is_per_red": false,
        "is_pbr_red": false
      },
      {
        "date": "2014/03/31",
        "per": 7.49,
        "pbr": 0.28,
        "is_per_red": false,
        "is_pbr_red": false
      },
      {
        "date": "2015/03/31",
        "per": 7.89,
        "pbr": 0.33,
        "is_per_red": false,
        "is_pbr_red": false
      },
      {
        "date": "2016/03/31",
        "per": 6.58,
        "pbr": 0.38,
        "is_per_red": false,
        "is_pbr_red": false
      },
      {
        "date": "2017/03/31",
        "per": 9.63,
        "pbr": 0.36,
        "is_per_red": false,
        "is_pbr_red": false
      },
      {
        "date": "2018/03/30",
        "per": 13.34,
        "pbr": 0.35,
        "is_per_red": false,
        "is_pbr_red": false
      },
      {
        "date": "2019/03/29",
        "per": 10.5,
        "pbr": 0.31,
        "is_per_red": false,
        "is_pbr_red": false
      },
      {
        "date": "2020/03/31",
        "per": 9.72,
        "pbr": 0.24,
        "is_per_red": false,
        "is_pbr_red": false
      },
      {
        "date": "2021/03/31",
        "per": 12.66,
        "pbr": 0.28,
        "is_per_red": false,
        "is_pbr_red": false
      },
      {
        "date": "2022/03/31",
        "per": 17.2,
        "pbr": 0.25,
        "is_per_red": false,
        "is_pbr_red": false
      },
      {
        "date": "2023/03/31",
        "per": 11.33,
        "pbr": 0.24,
        "is_per_red": false,
        "is_pbr_red": false
      },
      {
        "date": "2024/03/29",
        "per": 78.91,
        "pbr": 0.33,
        "is_per_red": false,
        "is_pbr_red": false
      }
    ],
    "daily_data": [],
    "financial_data": [
      {
        "fiscal_year": "2008/03",
        "sales": 7520.0,
        "operating_profit": 463.99999999999994,
        "ordinary_profit": 516.0,
        "net_profit": 286.0,
        "roa": 2.22,
        "operating_margin": 1.7,
        "cost_ratio": 6.16
      },
      {
        "fiscal_year": "2009/03",
        "sales": 7590.000000000001,
        "operating_profit": 604.0,
        "ordinary_profit": 653.0,
        "net_profit": 343.0,
        "roa": 2.65,
        "operating_margin": 2.04,
        "cost_ratio": 7.96
      },
      {
        "fiscal_year": "2010/03",
        "sales": 9780.0,
        "operating_profit": 657.0,
        "ordinary_profit": 713.0,
        "net_profit": 338.0,
        "roe": 58.72,
        "roa": 2.54,
        "operating_margin": 1.97,
        "cost_ratio": 6.72,
        "sga_ratio": 89.39
      },
      {
        "fiscal_year": "2011/03",
        "sales": 9990.0,
        "operating_profit": 708.0,
        "ordinary_profit": 754.0,
        "net_profit": 443.0,
        "roe": 77.09,
        "roa": 3.27,
        "operating_margin": 2.5,
        "cost_ratio": 7.09,
        "sga_ratio": 89.32
      },
      {
        "fiscal_year": "2012/03",
        "sales": 11100.0,
        "operating_profit": 505.0,
        "ordinary_profit": 549.0,
        "net_profit": 448.0,
        "roe": 77.98,
        "roa": 3.22,
        "operating_margin": 2.51,
        "cost_ratio": 4.57,
        "sga_ratio": 92.16
      },
      {
        "fiscal_year": "2013/03",
        "sales": 11500.0,
        "operating_profit": 802.9999999999999,
        "ordinary_profit": 844.9999999999999,
        "net_profit": 521.0,
        "roe": 90.71,
        "roa": 3.6,
        "operating_margin": 2.79,
        "cost_ratio": 6.99,
        "sga_ratio": 89.9
      },
      {
        "fiscal_year": "2014/03",
        "sales": 12300.0,
        "operating_profit": 849.0,
        "ordinary_profit": 891.0,
        "net_profit": 568.0,
        "roe": 103.51,
        "roa": 3.79,
        "operating_margin": 3.01,
        "cost_ratio": 6.89,
        "sga_ratio": 90.05
      },
      {
        "fiscal_year": "2015/03",
        "sales": 11900.0,
        "operating_profit": 877.0,
        "ordinary_profit": 925.0,
        "net_profit": 658.0,
        "roe": 120.89,
        "roa": 4.21,
        "operating_margin": 3.34,
        "cost_ratio": 7.35,
        "sga_ratio": 89.58
      },
      {
        "fiscal_year": "2016/03",
        "sales": 12500.0,
        "operating_profit": 1240.0,
        "ordinary_profit": 1300.0,
        "net_profit": 950.0,
        "roe": 175.48,
        "roa": 5.79,
        "operating_margin": 4.58,
        "cost_ratio": 9.9,
        "sga_ratio": 86.76
      },
      {
        "fiscal_year": "2017/03",
        "sales": 14000.0,
        "operating_profit": 940.0,
        "ordinary_profit": 952.0,
        "net_profit": 648.0,
        "roe": 119.63,
        "roa": 3.77,
        "operating_margin": 3.07,
        "cost_ratio": 6.73,
        "sga_ratio": 90.02
      },
      {
        "fiscal_year": "2018/03",
        "sales": 11900.0,
        "operating_profit": 609.0,
        "ordinary_profit": 699.0,
        "net_profit": 461.0,
        "roe": 85.22,
        "roa": 2.62,
        "operating_margin": 2.17,
        "cost_ratio": 5.12,
        "sga_ratio": 91.19
      },
      {
        "fiscal_year": "2019/03",
        "sales": 12400.0,
        "operating_profit": 707.0,
        "ordinary_profit": 758.0,
        "net_profit": 523.0,
        "roe": 96.58,
        "roa": 2.92,
        "operating_margin": 2.41,
        "cost_ratio": 5.7,
        "sga_ratio": 90.97
      },
      {
        "fiscal_year": "2020/03",
        "sales": 12600.0,
        "operating_profit": 653.0,
        "ordinary_profit": 684.0,
        "net_profit": 441.0,
        "roe": 81.09,
        "roa": 2.43,
        "operating_margin": 2.02,
        "cost_ratio": 5.18,
        "sga_ratio": 91.47
      },
      {
        "fiscal_year": "2021/03",
        "sales": 8550.0,
        "operating_profit": 630.0,
        "ordinary_profit": 755.0,
        "net_profit": 413.0,
        "roe": 76.31,
        "roa": 2.21,
        "operating_margin": 1.87,
        "cost_ratio": 7.36,
        "sga_ratio": 87.23
      },
      {
        "fiscal_year": "2022/03",
        "sales": 8840.0,
        "operating_profit": 404.0,
        "ordinary_profit": 455.0,
        "net_profit": 273.0,
        "roe": 50.53,
        "roa": 1.45,
        "operating_margin": 1.22,
        "cost_ratio": 4.57,
        "sga_ratio": 90.48
      },
      {
        "fiscal_year": "2023/03",
        "sales": 9870.0,
        "operating_profit": 430.99999999999994,
        "ordinary_profit": 479.0,
        "net_profit": 414.0,
        "eps": 502.0,
        "roe": 77.64,
        "roa": 2.15,
        "operating_margin": 1.77,
        "cost_ratio": 4.37,
        "sga_ratio": 89.65
      },
      {
        "fiscal_year": "2024/03",
        "sales": 10300.0,
        "operating_profit": 315.0,
        "ordinary_profit": 401.99999999999994,
        "net_profit": 79.0,
        "eps": 566.0,
        "roe": 14.56,
        "roa": 0.39,
        "operating_margin": 0.32,
        "cost_ratio": 3.06,
        "sga_ratio": 90.01
      },
      {
        "fiscal_year": "2025/03",
        "sales": 10500.0,
        "operating_profit": 176.0,
        "ordinary_profit": 212.0,
        "net_profit": 87.0,
        "roe": 15.43,
        "roa": 0.43,
        "operating_margin": 0.36,
        "cost_ratio": 1.68
      }
    ],
    "dividend_data": [
      {
        "fiscal_year": "2010/03",
        "total_dividend": 15.0,
        "dividend_yield": 2.5
      },
      {
        "fiscal_year": "2011/03",
        "total_dividend": 15.0,
        "dividend_yield": 2.61
      },
      {
        "fiscal_year": "2012/03",
        "total_dividend": 15.0,
        "dividend_yield": 2.51
      },
      {
        "fiscal_year": "2013/03",
        "total_dividend": 20.0,
        "dividend_yield": 2.39
      }
    ]
  },
  {
    "code": 9037,
    "name": "ハマキョウレックス",
    "annual_data": [
      {
        "date": "2010/03/31",
        "per": 8.53,
        "pbr": 1.09,
        "is_per_red": false,
        "is_pbr_red": false
      },
      {
        "date": "2011/03/31",
        "per": 7.84,
        "pbr": 0.95,
        "is_per_red": false,
        "is_pbr_red": false
      },
      {
        "date": "2012/03/30",
        "per": 7.3,
        "pbr": 0.99,
        "is_per_red": false,
        "is_pbr_red": false
      },
      {
        "date": "2013/03/29",
        "per": 10.51,
        "pbr": 1.21,
        "is_per_red": false,
        "is_pbr_red": false
      },
      {
        "date": "2014/03/31",
        "per": 7.56,
        "pbr": 0.79,
        "is_per_red": false,
        "is_pbr_red": false
      },
      {
        "date": "2015/03/31",
        "per": 9.0,
        "pbr": 1.06,
        "is_per_red": false,
        "is_pbr_red": false
      },
      {
        "date": "2016/03/31",
        "per": 7.54,
        "pbr": 0.87,
        "is_per_red": false,
        "is_pbr_red": false
      },
      {
        "date": "2017/03/31",
        "per": 8.58,
        "pbr": 0.93,
        "is_per_red": false,
        "is_pbr_red": false
      },
      {
        "date": "2018/03/30",
        "per": 12.2,
        "pbr": 1.32,
        "is_per_red": false,
        "is_pbr_red": false
      },
      {
        "date": "2019/03/29",
        "per": 13.68,
        "pbr": 1.43,
        "is_per_red": false,
        "is_pbr_red": false
      },
      {
        "date": "2020/03/31",
        "per": 8.03,
        "pbr": 0.82,
        "is_per_red": false,
        "is_pbr_red": false
      },
      {
        "date": "2021/03/31",
        "per": 9.5,
        "pbr": 0.92,
        "is_per_red": false,
        "is_pbr_red": false
      },
      {
        "date": "2022/03/31",
        "per": 7.57,
        "pbr": 0.75,
        "is_per_red": false,
        "is_pbr_red": false
      },
      {
        "date": "2023/03/31",
        "per": 8.19,
        "pbr": 0.78,
        "is_per_red": false,
        "is_pbr_red": false
      },
      {
        "date": "2024/03/29",
        "per": 8.7,
        "pbr": 0.85,
        "is_per_red": false,
        "is_pbr_red": false
      }
    ],
    "daily_data": [],
    "financial_data": [],
    "dividend_data": [
      {
        "fiscal_year": "2010/03",
        "total_dividend": 32.0,
        "dividend_yield": 4.0
      },
      {
        "fiscal_year": "2011/03",
        "total_dividend": 36.0,
        "dividend_yield": 4.5
      },
      {
        "fiscal_year": "2012/03",
        "total_dividend": 38.0,
        "dividend_yield": 4.75
      },
      {
        "fiscal_year": "2013/03",
        "total_dividend": 40.0,
        "dividend_yield": 5.0
      }
    ]
  },
  {
    "code": 9039,
    "name": "サカイ引越センター",
    "annual_data": [
      {
        "date": "2010/03/31",
        "per": 9.38,
        "pbr": 0.75,
        "is_per_red": false,
        "is_pbr_red": false
      },
      {
        "date": "2011/03/31",
        "per": 7.34,
        "pbr": 0.57,
        "is_per_red": false,
        "is_pbr_red": false
      },
      {
        "date": "2012/03/30",
        "per": 7.54,
        "pbr": 0.59,
        "is_per_red": false,
        "is_pbr_red": false
      },
      {
        "date": "2013/03/29",
        "per": 8.37,
        "pbr": 0.68,
        "is_per_red": false,
        "is_pbr_red": false
      },
      {
        "date": "2014/03/31",
        "per": 10.9,
        "pbr": 0.97,
        "is_per_red": false,
        "is_pbr_red": false
      },
      {
        "date": "2015/03/31",
        "per": 9.06,
        "pbr": 1.0,
        "is_per_red": false,
        "is_pbr_red": false
      },
      {
        "date": "2016/03/31",
        "per": 16.64,
        "pbr": 1.64,
        "is_per_red": false,
        "is_pbr_red": false
      },
      {
        "date": "2017/03/31",
        "per": 14.39,
        "pbr": 1.37,
        "is_per_red": false,
        "is_pbr_red": false
      },
      {
        "date": "2018/03/30",
        "per": 16.04,
        "pbr": 2.13,
        "is_per_red": false,
        "is_pbr_red": false
      },
      {
        "date": "2019/03/29",
        "per": 20.0,
        "pbr": 2.5,
        "is_per_red": false,
        "is_pbr_red": false
      },
      {
        "date": "2020/03/31",
        "per": 13.17,
        "pbr": 1.8,
        "is_per_red": false,
        "is_pbr_red": false
      },
      {
        "date": "2021/03/31",
        "per": 13.22,
        "pbr": 1.41,
        "is_per_red": false,
        "is_pbr_red": false
      },
      {
        "date": "2022/03/31",
        "per": 12.9,
        "pbr": 1.13,
        "is_per_red": false,
        "is_pbr_red": false
      },
      {
        "date": "2023/03/31",
        "per": 11.46,
        "pbr": 1.14,
        "is_per_red": false,
        "is_pbr_red": false
      },
      {
        "date": "2024/03/29",
        "per": 12.43,
        "pbr": 1.16,
        "is_per_red": false,
        "is_pbr_red": false
      }
    ],
    "daily_data": [],
    "financial_data": [
      {
        "fiscal_year": "2008/03",
        "sales": 45700.0,
        "operating_profit": 5330.0,
        "ordinary_profit": 5420.0,
        "net_profit": 2530.0,
        "roa": 11.24,
        "operating_margin": 6.92,
        "cost_ratio": 11.66,
        "sga_ratio": 57.82
      },
      {
        "fiscal_year": "2009/03",
        "sales": 49300.0,
        "operating_profit": 5430.0,
        "ordinary_profit": 5540.0,
        "net_profit": 2750.0,
        "roa": 11.36,
        "operating_margin": 6.84,
        "cost_ratio": 11.03,
        "sga_ratio": 59.06
      },
      {
        "fiscal_year": "2010/03",
        "sales": 48300.0,
        "operating_profit": 4060.0,
        "ordinary_profit": 4240.0,
        "net_profit": 2080.0,
        "roe": 53.09,
        "roa": 8.03,
        "operating_margin": 4.59,
        "cost_ratio": 8.41,
        "sga_ratio": 61.83
      },
      {
        "fiscal_year": "2011/03",
        "sales": 49800.0,
        "operating_profit": 4160.0,
        "ordinary_profit": 4320.0,
        "net_profit": 2150.0,
        "roe": 55.03,
        "roa": 7.83,
        "operating_margin": 4.65,
        "cost_ratio": 8.35,
        "sga_ratio": 61.92
      },
      {
        "fiscal_year": "2012/03",
        "sales": 54600.0,
        "operating_profit": 4650.0,
        "ordinary_profit": 4850.0,
        "net_profit": 2280.0,
        "roe": 58.37,
        "roa": 7.79,
        "operating_margin": 4.68,
        "cost_ratio": 8.5,
        "sga_ratio": 61.14
      },
      {
        "fiscal_year": "2013/03",
        "sales": 58600.0,
        "operating_profit": 4880.0,
        "ordinary_profit": 5120.0,
        "net_profit": 2560.0,
        "roe": 65.38,
        "roa": 8.18,
        "operating_margin": 4.83,
        "cost_ratio": 8.32,
        "sga_ratio": 60.47
      },
      {
        "fiscal_year": "2014/03",
        "sales": 64800.0,
        "operating_profit": 5890.0,
        "ordinary_profit": 6120.0,
        "net_profit": 3000.0,
        "roe": 78.25,
        "roa": 8.8,
        "operating_margin": 5.17,
        "cost_ratio": 9.08,
        "sga_ratio": 58.74
      },
      {
        "fiscal_year": "2015/03",
        "sales": 70800.0,
        "operating_profit": 6340.0,
        "ordinary_profit": 6770.0,
        "net_profit": 4340.0,
        "eps": 4540.0,
        "roe": 105.95,
        "roa": 10.7,
        "operating_margin": 6.88,
        "cost_ratio": 8.95,
        "sga_ratio": 59.42
      },
      {
        "fiscal_year": "2016/03",
        "sales": 73300.0,
        "operating_profit": 6790.000000000001,
        "ordinary_profit": 7100.0,
        "net_profit": 4320.0,
        "eps": 3920.0000000000005,
        "roe": 102.36,
        "roa": 9.85,
        "operating_margin": 6.63,
        "cost_ratio": 9.26,
        "sga_ratio": 59.13
      },
      {
        "fiscal_year": "2017/03",
        "sales": 80000.0,
        "operating_profit": 7550.0,
        "ordinary_profit": 7970.0,
        "net_profit": 4540.0,
        "eps": 4750.0,
        "roe": 107.55,
        "roa": 9.62,
        "operating_margin": 6.17,
        "cost_ratio": 9.44,
        "sga_ratio": 58.66
      },
      {
        "fiscal_year": "2018/03",
        "sales": 88400.0,
        "operating_profit": 10400.0,
        "ordinary_profit": 10700.0,
        "net_profit": 7120.0,
        "eps": 7290.000000000001,
        "roe": 170.24,
        "roa": 13.28,
        "operating_margin": 8.95,
        "cost_ratio": 11.8,
        "sga_ratio": 57.74
      },
      {
        "fiscal_year": "2019/03",
        "sales": 96200.0,
        "operating_profit": 11100.0,
        "ordinary_profit": 11400.0,
        "net_profit": 7309.999999999999,
        "eps": 7170.0,
        "roe": 175.46,
        "roa": 12.67,
        "operating_margin": 8.57,
        "cost_ratio": 11.5,
        "sga_ratio": 57.43
      },
      {
        "fiscal_year": "2020/03",
        "sales": 100900.0,
        "operating_profit": 11200.0,
        "ordinary_profit": 11500.0,
        "net_profit": 8950.0,
        "eps": 8990.0,
        "roe": 217.96,
        "roa": 13.65,
        "operating_margin": 9.6,
        "cost_ratio": 11.09,
        "sga_ratio": 58.49
      },
      {
        "fiscal_year": "2021/03",
        "sales": 100300.0,
        "operating_profit": 11100.0,
        "ordinary_profit": 11700.0,
        "net_profit": 7700.0,
        "eps": 7800.0,
        "roe": 187.44,
        "roa": 10.67,
        "operating_margin": 7.74,
        "cost_ratio": 11.1,
        "sga_ratio": 60.88
      },
      {
        "fiscal_year": "2022/03",
        "sales": 103900.0,
        "operating_profit": 10800.0,
        "ordinary_profit": 11300.0,
        "net_profit": 6709.999999999999,
        "eps": 6650.0,
        "roe": 163.92,
        "roa": 8.84,
        "operating_margin": 6.48,
        "cost_ratio": 10.39,
        "sga_ratio": 61.4
      },
      {
        "fiscal_year": "2023/03",
        "sales": 109600.0,
        "operating_profit": 11800.0,
        "ordinary_profit": 12100.0,
        "net_profit": 8210.0,
        "eps": 8250.0,
        "roe": 201.92,
        "roa": 9.97,
        "operating_margin": 7.49,
        "cost_ratio": 10.81,
        "sga_ratio": 61.56
      },
      {
        "fiscal_year": "2024/03",
        "sales": 116900.0,
        "operating_profit": 12700.0,
        "ordinary_profit": 12900.0,
        "net_profit": 8360.0,
        "eps": 8650.0,
        "roe": 205.58,
        "roa": 9.36,
        "operating_margin": 6.92,
        "cost_ratio": 10.91,
        "sga_ratio": 61.59
      },
      {
        "fiscal_year": "2025/03",
        "sales": 120400.0,
        "operating_profit": 12900.0,
        "ordinary_profit": 13100.0,
        "net_profit": 8500.0,
        "roe": 209.08,
        "roa": 9.22,
        "operating_margin": 7.46,
        "cost_ratio": 10.75
      }
    ],
    "dividend_data": [
      {
        "fiscal_year": "2010/03",
        "total_dividend": 50.0,
        "dividend_yield": 12.5
      },
      {
        "fiscal_year": "2011/03",
        "total_dividend": 60.0,
        "dividend_yield": 15.0
      },
      {
        "fiscal_year": "2012/03",
        "total_dividend": 60.0,
        "dividend_yield": 15.0
      },
      {
        "fiscal_year": "2013/03",
        "total_dividend": 60.0,
        "dividend_yield": 15.0
      }
    ]
  },
  {
    "code": 9041,
    "name": "近鉄グループホールディングス",
    "annual_data": [
      {
        "date": "2010/03/31",
        "per": 135.66,
        "pbr": 3.02,
        "is_per_red": false,
        "is_pbr_red": false
      },
      {
        "date": "2011/03/31",
        "per": 31.83,
        "pbr": 2.71,
        "is_per_red": false,
        "is_pbr_red": false
      },
      {
        "date": "2012/03/30",
        "per": 62.19,
        "pbr": 2.99,
        "is_per_red": false,
        "is_pbr_red": false
      },
      {
        "date": "2013/03/29",
        "per": 37.3,
        "pbr": 3.76,
        "is_per_red": false,
        "is_pbr_red": false
      },
      {
        "date": "2014/03/31",
        "per": 27.14,
        "pbr": 2.45,
        "is_per_red": false,
        "is_pbr_red": false
      },
      {
        "date": "2015/03/31",
        "per": 30.08,
        "pbr": 2.64,
        "is_per_red": false,
        "is_pbr_red": false
      },
      {
        "date": "2016/03/31",
        "per": 29.94,
        "pbr": 2.64,
        "is_per_red": false,
        "is_pbr_red": false
      },
      {
        "date": "2017/03/31",
        "per": 29.05,
        "pbr": 2.25,
        "is_per_red": false,
        "is_pbr_red": false
      },
      {
        "date": "2018/03/30",
        "per": 26.61,
        "pbr": 2.15,
        "is_per_red": false,
        "is_pbr_red": false
      },
      {
        "date": "2019/03/29",
        "per": 27.28,
        "pbr": 2.57,
        "is_per_red": false,
        "is_pbr_red": false
      },
      {
        "date": "2020/03/31",
        "per": 46.23,
        "pbr": 2.52,
        "is_per_red": false,
        "is_pbr_red": false
      },
      {
        "date": "2021/03/31",
        "per": -1,
        "pbr": 2.5,
        "is_per_red": true,
        "is_pbr_red": false
      },
      {
        "date": "2022/03/31",
        "per": 15.59,
        "pbr": 1.76,
        "is_per_red": false,
        "is_pbr_red": false
      },
      {
        "date": "2023/03/31",
        "per": 9.14,
        "pbr": 1.84,
        "is_per_red": false,
        "is_pbr_red": false
      },
      {
        "date": "2024/03/29",
        "per": 17.61,
        "pbr": 1.63,
        "is_per_red": false,
        "is_pbr_red": false
      }
    ],
    "daily_data": [],
    "financial_data": [],
    "dividend_data": [
      {
        "fiscal_year": "2010/03",
        "total_dividend": 5.0,
        "dividend_yield": 1.72
      },
      {
        "fiscal_year": "2011/03",
        "total_dividend": 5.0,
        "dividend_yield": 1.87
      },
      {
        "fiscal_year": "2012/03",
        "total_dividend": 5.0,
        "dividend_yield": 1.59
      },
      {
        "fiscal_year": "2013/03",
        "total_dividend": 5.0,
        "dividend_yield": 1.15
      }
    ]
  },
  {
    "code": 9042,
    "name": "阪急阪神ホールディングス",
    "annual_data": [
      {
        "date": "2010/03/31",
        "per": 51.0,
        "pbr": 1.17,
        "is_per_red": false,
        "is_pbr_red": false
      },
      {
        "date": "2011/03/31",
        "per": 27.02,
        "pbr": 1.03,
        "is_per_red": false,
        "is_pbr_red": false
      },
      {
        "date": "2012/03/30",
        "per": 11.69,
        "pbr": 0.89,
        "is_per_red": false,
        "is_pbr_red": false
      },
      {
        "date": "2013/03/29",
        "per": 18.22,
        "pbr": 1.29,
        "is_per_red": false,
        "is_pbr_red": false
      },
      {
        "date": "2014/03/31",
        "per": 15.29,
        "pbr": 1.18,
        "is_per_red": false,
        "is_pbr_red": false
      },
      {
        "date": "2015/03/31",
        "per": 17.29,
        "pbr": 1.41,
        "is_per_red": false,
        "is_pbr_red": false
      },
      {
        "date": "2016/03/31",
        "per": 12.92,
        "pbr": 1.27,
        "is_per_red": false,
        "is_pbr_red": false
      },
      {
        "date": "2017/03/31",
        "per": 12.7,
        "pbr": 1.15,
        "is_per_red": false,
        "is_pbr_red": false
      },
      {
        "date": "2018/03/30",
        "per": 14.73,
        "pbr": 1.16,
        "is_per_red": false,
        "is_pbr_red": false
      },
      {
        "date": "2019/03/29",
        "per": 15.55,
        "pbr": 1.15,
        "is_per_red": false,
        "is_pbr_red": false
      },
      {
        "date": "2020/03/31",
        "per": 16.11,
        "pbr": 0.97,
        "is_per_red": false,
        "is_pbr_red": false
      },
      {
        "date": "2021/03/31",
        "per": -1,
        "pbr": 0.99,
        "is_per_red": true,
        "is_pbr_red": false
      },
      {
        "date": "2022/03/31",
        "per": 39.88,
        "pbr": 0.98,
        "is_per_red": false,
        "is_pbr_red": false
      },
      {
        "date": "2023/03/31",
        "per": 20.14,
        "pbr": 1.04,
        "is_per_red": false,
        "is_pbr_red": false
      },
      {
        "date": "2024/03/29",
        "per": 15.6,
        "pbr": 1.08,
        "is_per_red": false,
        "is_pbr_red": false
      }
    ],
    "daily_data": [],
    "financial_data": [],
    "dividend_data": [
      {
        "fiscal_year": "2010/03",
        "total_dividend": 5.0,
        "dividend_yield": 1.15
      },
      {
        "fiscal_year": "2011/03",
        "total_dividend": 5.0,
        "dividend_yield": 1.3
      },
      {
        "fiscal_year": "2012/03",
        "total_dividend": 5.0,
        "dividend_yield": 1.39
      },
      {
        "fiscal_year": "2013/03",
        "total_dividend": 5.0,
        "dividend_yield": 0.88
      }
    ]
  },
  {
    "code": 9044,
    "name": "南海電気鉄道",
    "annual_data": [
      {
        "date": "2010/03/31",
        "per": 19.7,
        "pbr": 1.55,
        "is_per_red": false,
        "is_pbr_red": false
      },
      {
        "date": "2011/03/31",
        "per": 57.22,
        "pbr": 1.38,
        "is_per_red": false,
        "is_pbr_red": false
      },
      {
        "date": "2012/03/30",
        "per": 32.59,
        "pbr": 1.39,
        "is_per_red": false,
        "is_pbr_red": false
      },
      {
        "date": "2013/03/29",
        "per": 27.52,
        "pbr": 1.47,
        "is_per_red": false,
        "is_pbr_red": false
      },
      {
        "date": "2014/03/31",
        "per": 21.74,
        "pbr": 1.4,
        "is_per_red": false,
        "is_pbr_red": false
      },
      {
        "date": "2015/03/31",
        "per": 15.22,
        "pbr": 1.47,
        "is_per_red": false,
        "is_pbr_red": false
      },
      {
        "date": "2016/03/31",
        "per": 27.46,
        "pbr": 1.78,
        "is_per_red": false,
        "is_pbr_red": false
      },
      {
        "date": "2017/03/31",
        "per": 18.67,
        "pbr": 1.47,
        "is_per_red": false,
        "is_pbr_red": false
      },
      {
        "date": "2018/03/30",
        "per": 20.53,
        "pbr": 1.36,
        "is_per_red": false,
        "is_pbr_red": false
      },
      {
        "date": "2019/03/29",
        "per": 26.59,
        "pbr": 1.5,
        "is_per_red": false,
        "is_pbr_red": false
      },
      {
        "date": "2020/03/31",
        "per": 13.39,
        "pbr": 1.14,
        "is_per_red": false,
        "is_pbr_red": false
      },
      {
        "date": "2021/03/31",
        "per": -1,
        "pbr": 1.17,
        "is_per_red": true,
        "is_pbr_red": false
      },
      {
        "date": "2022/03/31",
        "per": 66.56,
        "pbr": 1.08,
        "is_per_red": false,
        "is_pbr_red": false
      },
      {
        "date": "2023/03/31",
        "per": 22.65,
        "pbr": 1.27,
        "is_per_red": false,
        "is_pbr_red": false
      },
      {
        "date": "2024/03/29",
        "per": 15.1,
        "pbr": 1.23,
        "is_per_red": false,
        "is_pbr_red": false
      }
    ],
    "daily_data": [],
    "financial_data": [],
    "dividend_data": [
      {
        "fiscal_year": "2010/03",
        "total_dividend": 5.0,
        "dividend_yield": 1.35
      },
      {
        "fiscal_year": "2011/03",
        "total_dividend": 5.0,
        "dividend_yield": 1.51
      },
      {
        "fiscal_year": "2012/03",
        "total_dividend": 5.0,
        "dividend_yield": 1.42
      },
      {
        "fiscal_year": "2013/03",
        "total_dividend": 5.0,
        "dividend_yield": 1.27
      }
    ]
  },
  {
    "code": 9045,
    "name": "京阪ホールディングス",
    "annual_data": [
      {
        "date": "2010/03/31",
        "per": 48.82,
        "pbr": 1.68,
        "is_per_red": false,
        "is_pbr_red": false
      },
      {
        "date": "2011/03/31",
        "per": 30.49,
        "pbr": 1.47,
        "is_per_red": false,
        "is_pbr_red": false
      },
      {
        "date": "2012/03/30",
        "per": 31.83,
        "pbr": 1.56,
        "is_per_red": false,
        "is_pbr_red": false
      },
      {
        "date": "2013/03/29",
        "per": 21.35,
        "pbr": 1.52,
        "is_per_red": false,
        "is_pbr_red": false
      },
      {
        "date": "2014/03/31",
        "per": 16.06,
        "pbr": 1.39,
        "is_per_red": false,
        "is_pbr_red": false
      },
      {
        "date": "2015/03/31",
        "per": 23.03,
        "pbr": 2.19,
        "is_per_red": false,
        "is_pbr_red": false
      },
      {
        "date": "2016/03/31",
        "per": 19.85,
        "pbr": 2.27,
        "is_per_red": false,
        "is_pbr_red": false
      },
      {
        "date": "2017/03/31",
        "per": 16.14,
        "pbr": 1.82,
        "is_per_red": false,
        "is_pbr_red": false
      },
      {
        "date": "2018/03/30",
        "per": 15.48,
        "pbr": 1.6,
        "is_per_red": false,
        "is_pbr_red": false
      },
      {
        "date": "2019/03/29",
        "per": 23.23,
        "pbr": 2.12,
        "is_per_red": false,
        "is_pbr_red": false
      },
      {
        "date": "2020/03/31",
        "per": 25.57,
        "pbr": 2.06,
        "is_per_red": false,
        "is_pbr_red": false
      },
      {
        "date": "2021/03/31",
        "per": -1,
        "pbr": 2.02,
        "is_per_red": true,
        "is_pbr_red": false
      },
      {
        "date": "2022/03/31",
        "per": 33.65,
        "pbr": 1.28,
        "is_per_red": false,
        "is_pbr_red": false
      },
      {
        "date": "2023/03/31",
        "per": 21.02,
        "pbr": 1.38,
        "is_per_red": false,
        "is_pbr_red": false
      },
      {
        "date": "2024/03/29",
        "per": 14.62,
        "pbr": 1.22,
        "is_per_red": false,
        "is_pbr_red": false
      }
    ],
    "daily_data": [],
    "financial_data": [],
    "dividend_data": [
      {
        "fiscal_year": "2010/03",
        "total_dividend": 5.0,
        "dividend_yield": 1.29
      },
      {
        "fiscal_year": "2011/03",
        "total_dividend": 5.0,
        "dividend_yield": 1.43
      },
      {
        "fiscal_year": "2012/03",
        "total_dividend": 5.0,
        "dividend_yield": 1.27
      },
      {
        "fiscal_year": "2013/03",
        "total_dividend": 5.0,
        "dividend_yield": 1.2
      }
    ]
  },
  {
    "code": 9046,
    "name": "神戸電鉄",
    "annual_data": [
      {
        "date": "2010/03/31",
        "per": 181.6,
        "pbr": 2.49,
        "is_per_red": false,
        "is_pbr_red": false
      },
      {
        "date": "2011/03/31",
        "per": 154.09,
        "pbr": 1.54,
        "is_per_red": false,
        "is_pbr_red": false
      },
      {
        "date": "2012/03/30",
        "per": -1,
        "pbr": 1.81,
        "is_per_red": true,
        "is_pbr_red": false
      },
      {
        "date": "2013/03/29",
        "per": 42.54,
        "pbr": 2.16,
        "is_per_red": false,
        "is_pbr_red": false
      },
      {
        "date": "2014/03/31",
        "per": 45.16,
        "pbr": 2.33,
        "is_per_red": false,
        "is_pbr_red": false
      },
      {
        "date": "2015/03/31",
        "per": 25.88,
        "pbr": 2.06,
        "is_per_red": false,
        "is_pbr_red": false
      },
      {
        "date": "2016/03/31",
        "per": 23.28,
        "pbr": 1.95,
        "is_per_red": false,
        "is_pbr_red": false
      },
      {
        "date": "2017/03/31",
        "per": 24.06,
        "pbr": 1.91,
        "is_per_red": false,
        "is_pbr_red": false
      },
      {
        "date": "2018/03/30",
        "per": 24.92,
        "pbr": 1.75,
        "is_per_red": false,
        "is_pbr_red": false
      },
      {
        "date": "2019/03/29",
        "per": 26.16,
        "pbr": 1.7,
        "is_per_red": false,
        "is_pbr_red": false
      },
      {
        "date": "2020/03/31",
        "per": 30.6,
        "pbr": 1.58,
        "is_per_red": false,
        "is_pbr_red": false
      },
      {
        "date": "2021/03/31",
        "per": 157.78,
        "pbr": 1.46,
        "is_per_red": false,
        "is_pbr_red": false
      },
      {
        "date": "2022/03/31",
        "per": 51.03,
        "pbr": 1.28,
        "is_per_red": false,
        "is_pbr_red": false
      },
      {
        "date": "2023/03/31",
        "per": 37.62,
        "pbr": 1.2,
        "is_per_red": false,
        "is_pbr_red": false
      },
      {
        "date": "2024/03/29",
        "per": 21.77,
        "pbr": 0.97,
        "is_per_red": false,
        "is_pbr_red": false
      }
    ],
    "daily_data": [],
    "financial_data": [],
    "dividend_data": [
      {
        "fiscal_year": "2013/03",
        "total_dividend": 0.0
      }
    ]
  },
  {
    "code": 9048,
    "name": "名古屋鉄道",
    "annual_data": [
      {
        "date": "2010/03/31",
        "per": 41.47,
        "pbr": 1.24,
        "is_per_red": false,
        "is_pbr_red": false
      },
      {
        "date": "2011/03/31",
        "per": 22.09,
        "pbr": 1.07,
        "is_per_red": false,
        "is_pbr_red": false
      },
      {
        "date": "2012/03/30",
        "per": 18.27,
        "pbr": 0.99,
        "is_per_red": false,
        "is_pbr_red": false
      },
      {
        "date": "2013/03/29",
        "per": 20.57,
        "pbr": 1.2,
        "is_per_red": false,
        "is_pbr_red": false
      },
      {
        "date": "2014/03/31",
        "per": 18.29,
        "pbr": 1.18,
        "is_per_red": false,
        "is_pbr_red": false
      },
      {
        "date": "2015/03/31",
        "per": 24.4,
        "pbr": 1.62,
        "is_per_red": false,
        "is_pbr_red": false
      },
      {
        "date": "2016/03/31",
        "per": 19.71,
        "pbr": 1.66,
        "is_per_red": false,
        "is_pbr_red": false
      },
      {
        "date": "2017/03/31",
        "per": 19.65,
        "pbr": 1.46,
        "is_per_red": false,
        "is_pbr_red": false
      },
      {
        "date": "2018/03/30",
        "per": 17.39,
        "pbr": 1.42,
        "is_per_red": false,
        "is_pbr_red": false
      },
      {
        "date": "2019/03/29",
        "per": 19.29,
        "pbr": 1.53,
        "is_per_red": false,
        "is_pbr_red": false
      },
      {
        "date": "2020/03/31",
        "per": 20.63,
        "pbr": 1.48,
        "is_per_red": false,
        "is_pbr_red": false
      },
      {
        "date": "2021/03/31",
        "per": -1,
        "pbr": 1.39,
        "is_per_red": true,
        "is_pbr_red": false
      },
      {
        "date": "2022/03/31",
        "per": 45.54,
        "pbr": 1.11,
        "is_per_red": false,
        "is_pbr_red": false
      },
      {
        "date": "2023/03/31",
        "per": 21.31,
        "pbr": 0.99,
        "is_per_red": false,
        "is_pbr_red": false
      },
      {
        "date": "2024/03/29",
        "per": 17.45,
        "pbr": 0.97,
        "is_per_red": false,
        "is_pbr_red": false
      }
    ],
    "daily_data": [],
    "financial_data": [],
    "dividend_data": [
      {
        "fiscal_year": "2010/03",
        "total_dividend": 0.56
      },
      {
        "fiscal_year": "2011/03",
        "total_dividend": 0.67
      },
      {
        "fiscal_year": "2012/03",
        "total_dividend": 0.88
      },
      {
        "fiscal_year": "2013/03",
        "total_dividend": 1.01
      }
    ]
  },
  {
    "code": 9049,
    "name": "京福電気鉄道",
    "annual_data": [
      {
        "date": "2010/03/31",
        "per": 10.48,
        "pbr": 0.94,
        "is_per_red": false,
        "is_pbr_red": false
      },
      {
        "date": "2011/03/31",
        "per": 9.68,
        "pbr": 0.83,
        "is_per_red": false,
        "is_pbr_red": false
      },
      {
        "date": "2012/03/30",
        "per": 9.6,
        "pbr": 0.82,
        "is_per_red": false,
        "is_pbr_red": false
      },
      {
        "date": "2013/03/29",
        "per": 10.78,
        "pbr": 0.93,
        "is_per_red": false,
        "is_pbr_red": false
      },
      {
        "date": "2014/03/31",
        "per": 8.9,
        "pbr": 0.83,
        "is_per_red": false,
        "is_pbr_red": false
      },
      {
        "date": "2015/03/31",
        "per": 9.73,
        "pbr": 0.96,
        "is_per_red": false,
        "is_pbr_red": false
      },
      {
        "date": "2016/03/31",
        "per": 10.36,
        "pbr": 1.28,
        "is_per_red": false,
        "is_pbr_red": false
      },
      {
        "date": "2017/03/30",
        "per": 12.08,
        "pbr": 1.07,
        "is_per_red": false,
        "is_pbr_red": false
      },
      {
        "date": "2018/03/30",
        "per": 11.38,
        "pbr": 0.9,
        "is_per_red": false,
        "is_pbr_red": false
      },
      {
        "date": "2019/03/29",
        "per": 8.25,
        "pbr": 0.84,
        "is_per_red": false,
        "is_pbr_red": false
      },
      {
        "date": "2020/03/31",
        "per": 29.12,
        "pbr": 0.82,
        "is_per_red": false,
        "is_pbr_red": false
      },
      {
        "date": "2021/03/30",
        "per": -1,
        "pbr": 0.88,
        "is_per_red": true,
        "is_pbr_red": false
      },
      {
        "date": "2022/03/31",
        "per": 8.8,
        "pbr": 0.81,
        "is_per_red": false,
        "is_pbr_red": false
      },
      {
        "date": "2023/03/31",
        "per": 6.01,
        "pbr": 0.86,
        "is_per_red": false,
        "is_pbr_red": false
      },
      {
        "date": "2024/03/29",
        "per": 5.76,
        "pbr": 1.12,
        "is_per_red": false,
        "is_pbr_red": false
      }
    ],
    "daily_data": [],
    "financial_data": [],
    "dividend_data": [
      {
        "fiscal_year": "2011/03",
        "total_dividend": 1.46
      },
      {
        "fiscal_year": "2012/03",
        "total_dividend": 1.38
      },
      {
        "fiscal_year": "2013/03",
        "total_dividend": 1.11
      },
      {
        "fiscal_year": "2022/03",
        "total_dividend": 0.0
      }
    ]
  },
  {
    "code": 9051,
    "name": "センコン物流",
    "annual_data": [
      {
        "date": "2010/03/26",
        "per": 33.3,
        "pbr": 0.87,
        "is_per_red": false,
        "is_pbr_red": false
      },
      {
        "date": "2011/03/29",
        "per": -1,
        "pbr": 0.76,
        "is_per_red": true,
        "is_pbr_red": false
      },
      {
        "date": "2012/03/30",
        "per": 26.18,
        "pbr": 0.79,
        "is_per_red": false,
        "is_pbr_red": false
      },
      {
        "date": "2013/03/26",
        "per": 56.7,
        "pbr": 0.89,
        "is_per_red": false,
        "is_pbr_red": false
      },
      {
        "date": "2014/03/31",
        "per": 25.57,
        "pbr": 0.68,
        "is_per_red": false,
        "is_pbr_red": false
      },
      {
        "date": "2015/03/31",
        "per": 21.62,
        "pbr": 0.74,
        "is_per_red": false,
        "is_pbr_red": false
      },
      {
        "date": "2016/03/30",
        "per": 48.36,
        "pbr": 0.73,
        "is_per_red": false,
        "is_pbr_red": false
      },
      {
        "date": "2017/03/29",
        "per": 22.73,
        "pbr": 0.73,
        "is_per_red": false,
        "is_pbr_red": false
      },
      {
        "date": "2018/03/29",
        "per": -1,
        "pbr": 0.79,
        "is_per_red": true,
        "is_pbr_red": false
      },
      {
        "date": "2019/03/29",
        "per": -1,
        "pbr": 0.82,
        "is_per_red": true,
        "is_pbr_red": false
      },
      {
        "date": "2020/03/30",
        "per": 14.87,
        "pbr": 0.8,
        "is_per_red": false,
        "is_pbr_red": false
      },
      {
        "date": "2021/03/31",
        "per": 11.74,
        "pbr": 0.92,
        "is_per_red": false,
        "is_pbr_red": false
      },
      {
        "date": "2022/03/31",
        "per": 8.24,
        "pbr": 0.83,
        "is_per_red": false,
        "is_pbr_red": false
      },
      {
        "date": "2023/03/31",
        "per": 7.67,
        "pbr": 0.76,
        "is_per_red": false,
        "is_pbr_red": false
      },
      {
        "date": "2024/03/29",
        "per": 11.29,
        "pbr": 0.78,
        "is_per_red": false,
        "is_pbr_red": false
      }
    ],
    "daily_data": [],
    "financial_data": [],
    "dividend_data": [
      {
        "fiscal_year": "2010/03",
        "total_dividend": 12.5,
        "dividend_yield": 1.72
      },
      {
        "fiscal_year": "2011/03",
        "total_dividend": 5.0,
        "dividend_yield": 0.83
      },
      {
        "fiscal_year": "2012/03",
        "total_dividend": 12.5,
        "dividend_yield": 2.05
      },
      {
        "fiscal_year": "2013/03",
        "total_dividend": 12.5,
        "dividend_yield": 1.81
      }
    ]
  },
  {
    "code": 9052,
    "name": "山陽電気鉄道",
    "annual_data": [
      {
        "date": "2010/03/31",
        "per": 27.34,
        "pbr": 1.33,
        "is_per_red": false,
        "is_pbr_red": false
      },
      {
        "date": "2011/03/31",
        "per": 23.49,
        "pbr": 1.29,
        "is_per_red": false,
        "is_pbr_red": false
      },
      {
        "date": "2012/03/30",
        "per": 19.83,
        "pbr": 1.22,
        "is_per_red": false,
        "is_pbr_red": false
      },
      {
        "date": "2013/03/29",
        "per": 25.03,
        "pbr": 1.41,
        "is_per_red": false,
        "is_pbr_red": false
      },
      {
        "date": "2014/03/31",
        "per": 26.72,
        "pbr": 1.73,
        "is_per_red": false,
        "is_pbr_red": false
      },
      {
        "date": "2015/03/31",
        "per": 27.22,
        "pbr": 1.56,
        "is_per_red": false,
        "is_pbr_red": false
      },
      {
        "date": "2016/03/31",
        "per": 30.0,
        "pbr": 1.64,
        "is_per_red": false,
        "is_pbr_red": false
      },
      {
        "date": "2017/03/31",
        "per": 29.74,
        "pbr": 1.75,
        "is_per_red": false,
        "is_pbr_red": false
      },
      {
        "date": "2018/03/30",
        "per": 25.28,
        "pbr": 1.54,
        "is_per_red": false,
        "is_pbr_red": false
      },
      {
        "date": "2019/03/29",
        "per": 21.43,
        "pbr": 1.25,
        "is_per_red": false,
        "is_pbr_red": false
      },
      {
        "date": "2020/03/31",
        "per": 15.5,
        "pbr": 1.1,
        "is_per_red": false,
        "is_pbr_red": false
      },
      {
        "date": "2021/03/31",
        "per": 99.42,
        "pbr": 1.0,
        "is_per_red": false,
        "is_pbr_red": false
      },
      {
        "date": "2022/03/31",
        "per": 7.59,
        "pbr": 0.96,
        "is_per_red": false,
        "is_pbr_red": false
      },
      {
        "date": "2023/03/31",
        "per": 19.0,
        "pbr": 1.02,
        "is_per_red": false,
        "is_pbr_red": false
      },
      {
        "date": "2024/03/29",
        "per": 15.09,
        "pbr": 0.86,
        "is_per_red": false,
        "is_pbr_red": false
      }
    ],
    "daily_data": [],
    "financial_data": [],
    "dividend_data": [
      {
        "fiscal_year": "2010/03",
        "total_dividend": 4.0,
        "dividend_yield": 1.35
      },
      {
        "fiscal_year": "2011/03",
        "total_dividend": 4.0,
        "dividend_yield": 1.35
      },
      {
        "fiscal_year": "2012/03",
        "total_dividend": 4.0,
        "dividend_yield": 1.37
      },
      {
        "fiscal_year": "2013/03",
        "total_dividend": 4.0,
        "dividend_yield": 1.1
      }
    ]
  },
  {
    "code": 9055,
    "name": "アルプス物流",
    "annual_data": [
      {
        "date": "2010/03/31",
        "per": 8.75,
        "pbr": 0.56,
        "is_per_red": false,
        "is_pbr_red": false
      },
      {
        "date": "2011/03/31",
        "per": 9.36,
        "pbr": 0.52,
        "is_per_red": false,
        "is_pbr_red": false
      },
      {
        "date": "2012/03/30",
        "per": 8.07,
        "pbr": 0.5,
        "is_per_red": false,
        "is_pbr_red": false
      },
      {
        "date": "2013/03/29",
        "per": 7.02,
        "pbr": 0.5,
        "is_per_red": false,
        "is_pbr_red": false
      },
      {
        "date": "2014/03/31",
        "per": 8.69,
        "pbr": 0.51,
        "is_per_red": false,
        "is_pbr_red": false
      },
      {
        "date": "2015/03/31",
        "per": 10.64,
        "pbr": 0.71,
        "is_per_red": false,
        "is_pbr_red": false
      },
      {
        "date": "2016/03/31",
        "per": 7.22,
        "pbr": 0.5,
        "is_per_red": false,
        "is_pbr_red": false
      },
      {
        "date": "2017/03/31",
        "per": 9.1,
        "pbr": 0.66,
        "is_per_red": false,
        "is_pbr_red": false
      },
      {
        "date": "2018/03/30",
        "per": 13.73,
        "pbr": 0.76,
        "is_per_red": false,
        "is_pbr_red": false
      },
      {
        "date": "2019/03/29",
        "per": 11.45,
        "pbr": 0.64,
        "is_per_red": false,
        "is_pbr_red": false
      },
      {
        "date": "2020/03/31",
        "per": 9.47,
        "pbr": 0.49,
        "is_per_red": false,
        "is_pbr_red": false
      },
      {
        "date": "2021/03/31",
        "per": 11.58,
        "pbr": 0.68,
        "is_per_red": false,
        "is_pbr_red": false
      },
      {
        "date": "2022/03/31",
        "per": 10.57,
        "pbr": 0.72,
        "is_per_red": false,
        "is_pbr_red": false
      },
      {
        "date": "2023/03/31",
        "per": 9.2,
        "pbr": 0.81,
        "is_per_red": false,
        "is_pbr_red": false
      },
      {
        "date": "2024/03/29",
        "per": 29.29,
        "pbr": 1.72,
        "is_per_red": false,
        "is_pbr_red": false
      }
    ],
    "daily_data": [],
    "financial_data": [
      {
        "fiscal_year": "2008/03",
        "sales": 63400.0,
        "operating_profit": 5520.0,
        "ordinary_profit": 5640.0,
        "net_profit": 2980.0,
        "roa": 10.78,
        "operating_margin": 5.98,
        "cost_ratio": 8.7,
        "sga_ratio": 85.78
      },
      {
        "fiscal_year": "2009/03",
        "sales": 60800.0,
        "operating_profit": 3320.0000000000005,
        "ordinary_profit": 3340.0,
        "net_profit": 1460.0,
        "roa": 5.31,
        "operating_margin": 3.13,
        "cost_ratio": 5.46,
        "sga_ratio": 87.89
      },
      {
        "fiscal_year": "2010/03",
        "sales": 60800.0,
        "operating_profit": 3500.0,
        "ordinary_profit": 3629.9999999999995,
        "net_profit": 1850.0,
        "roe": 52.01,
        "roa": 6.4,
        "operating_margin": 3.53,
        "cost_ratio": 5.75,
        "sga_ratio": 87.34
      },
      {
        "fiscal_year": "2011/03",
        "sales": 66900.0,
        "operating_profit": 3840.0,
        "ordinary_profit": 3820.0000000000005,
        "net_profit": 1630.0,
        "eps": 1310.0,
        "roe": 45.95,
        "roa": 5.56,
        "operating_margin": 3.13,
        "cost_ratio": 5.74,
        "sga_ratio": 87.57
      },
      {
        "fiscal_year": "2012/03",
        "sales": 70200.0,
        "operating_profit": 3710.0,
        "ordinary_profit": 3910.0,
        "net_profit": 1880.0,
        "eps": 2100.0,
        "roe": 52.88,
        "roa": 6.15,
        "operating_margin": 3.32,
        "cost_ratio": 5.28,
        "sga_ratio": 88.03
      },
      {
        "fiscal_year": "2013/03",
        "sales": 71400.0,
        "operating_profit": 3590.0,
        "ordinary_profit": 4040.0,
        "net_profit": 2360.0,
        "eps": 3690.0,
        "roe": 66.41,
        "roa": 7.16,
        "operating_margin": 4.05,
        "cost_ratio": 5.02,
        "sga_ratio": 88.07
      },
      {
        "fiscal_year": "2014/03",
        "sales": 78800.0,
        "operating_profit": 4130.0,
        "ordinary_profit": 4430.0,
        "net_profit": 2120.0,
        "eps": 4620.0,
        "roe": 59.87,
        "roa": 5.92,
        "operating_margin": 3.39,
        "cost_ratio": 5.24,
        "sga_ratio": 87.7
      },
      {
        "fiscal_year": "2015/03",
        "sales": 85800.0,
        "operating_profit": 4460.0,
        "ordinary_profit": 4880.0,
        "net_profit": 2540.0,
        "eps": 4130.0,
        "roe": 71.88,
        "roa": 6.63,
        "operating_margin": 3.78,
        "cost_ratio": 5.19,
        "sga_ratio": 87.73
      },
      {
        "fiscal_year": "2016/03",
        "sales": 93800.0,
        "operating_profit": 4860.0,
        "ordinary_profit": 5070.0,
        "net_profit": 2740.0,
        "eps": 2670.0,
        "roe": 77.44,
        "roa": 6.88,
        "operating_margin": 3.99,
        "cost_ratio": 5.18,
        "sga_ratio": 87.61
      },
      {
        "fiscal_year": "2017/03",
        "sales": 99200.0,
        "operating_profit": 5080.0,
        "ordinary_profit": 5400.0,
        "net_profit": 3030.0,
        "eps": 2920.0,
        "roe": 85.5,
        "roa": 7.27,
        "operating_margin": 4.13,
        "cost_ratio": 5.12,
        "sga_ratio": 87.76
      },
      {
        "fiscal_year": "2018/03",
        "sales": 105000.0,
        "operating_profit": 4930.0,
        "ordinary_profit": 4700.0,
        "net_profit": 2440.0,
        "eps": 3479.9999999999995,
        "roe": 69.05,
        "roa": 5.56,
        "operating_margin": 3.2,
        "cost_ratio": 4.7,
        "sga_ratio": 89.21
      },
      {
        "fiscal_year": "2019/03",
        "sales": 104900.0,
        "operating_profit": 4720.0,
        "ordinary_profit": 4830.0,
        "net_profit": 2500.0,
        "eps": 2120.0,
        "roe": 70.77,
        "roa": 5.55,
        "operating_margin": 3.31,
        "cost_ratio": 4.5,
        "sga_ratio": 88.96
      },
      {
        "fiscal_year": "2020/03",
        "sales": 100700.0,
        "operating_profit": 4120.0,
        "ordinary_profit": 3890.0,
        "net_profit": 2390.0,
        "eps": 1800.0,
        "roe": 67.59,
        "roa": 5.17,
        "operating_margin": 3.05,
        "cost_ratio": 4.09,
        "sga_ratio": 89.23
      },
      {
        "fiscal_year": "2021/03",
        "sales": 100600.0,
        "operating_profit": 4730.0,
        "ordinary_profit": 4930.0,
        "net_profit": 2900.0,
        "eps": 4560.0,
        "roe": 81.98,
        "roa": 5.88,
        "operating_margin": 3.42,
        "cost_ratio": 4.7,
        "sga_ratio": 88.24
      },
      {
        "fiscal_year": "2022/03",
        "sales": 113800.0,
        "operating_profit": 6020.0,
        "ordinary_profit": 6170.0,
        "net_profit": 3600.0,
        "eps": 5830.0,
        "roe": 101.65,
        "roa": 6.77,
        "operating_margin": 3.91,
        "cost_ratio": 5.29,
        "sga_ratio": 88.23
      },
      {
        "fiscal_year": "2023/03",
        "sales": 121200.0,
        "operating_profit": 8040.000000000001,
        "ordinary_profit": 8790.0,
        "net_profit": 5030.0,
        "eps": 6470.0,
        "roe": 142.07,
        "roa": 8.78,
        "operating_margin": 5.17,
        "cost_ratio": 6.64,
        "sga_ratio": 86.87
      },
      {
        "fiscal_year": "2024/03",
        "sales": 118800.0,
        "operating_profit": 5580.0,
        "ordinary_profit": 6020.0,
        "net_profit": 3570.0000000000005,
        "eps": 5830.0,
        "roe": 100.7,
        "roa": 5.89,
        "operating_margin": 3.48,
        "cost_ratio": 4.69,
        "sga_ratio": 88.28
      }
    ],
    "dividend_data": [
      {
        "fiscal_year": "2010/03",
        "total_dividend": 35.0,
        "dividend_yield": 17.5
      },
      {
        "fiscal_year": "2011/03",
        "total_dividend": 35.0,
        "dividend_yield": 17.5
      },
      {
        "fiscal_year": "2012/03",
        "total_dividend": 35.0,
        "dividend_yield": 17.5
      },
      {
        "fiscal_year": "2013/03",
        "total_dividend": 35.0,
        "dividend_yield": 17.5
      }
    ]
  },
  {
    "code": 9057,
    "name": "遠州トラック",
    "annual_data": [
      {
        "date": "2010/03/31",
        "per": 21.25,
        "pbr": 0.62,
        "is_per_red": false,
        "is_pbr_red": false
      },
      {
        "date": "2011/03/31",
        "per": 12.83,
        "pbr": 0.52,
        "is_per_red": false,
        "is_pbr_red": false
      },
      {
        "date": "2012/03/30",
        "per": 14.67,
        "pbr": 0.53,
        "is_per_red": false,
        "is_pbr_red": false
      },
      {
        "date": "2013/03/29",
        "per": 14.74,
        "pbr": 0.6,
        "is_per_red": false,
        "is_pbr_red": false
      },
      {
        "date": "2014/03/31",
        "per": 24.37,
        "pbr": 0.57,
        "is_per_red": false,
        "is_pbr_red": false
      },
      {
        "date": "2015/03/31",
        "per": 42.97,
        "pbr": 0.57,
        "is_per_red": false,
        "is_pbr_red": false
      },
      {
        "date": "2016/03/31",
        "per": 12.73,
        "pbr": 0.54,
        "is_per_red": false,
        "is_pbr_red": false
      },
      {
        "date": "2017/03/31",
        "per": 14.65,
        "pbr": 0.79,
        "is_per_red": false,
        "is_pbr_red": false
      },
      {
        "date": "2018/03/30",
        "per": 9.17,
        "pbr": 0.83,
        "is_per_red": false,
        "is_pbr_red": false
      },
      {
        "date": "2019/03/29",
        "per": 8.73,
        "pbr": 0.63,
        "is_per_red": false,
        "is_pbr_red": false
      },
      {
        "date": "2020/03/31",
        "per": 11.12,
        "pbr": 1.18,
        "is_per_red": false,
        "is_pbr_red": false
      },
      {
        "date": "2021/03/31",
        "per": 9.64,
        "pbr": 1.29,
        "is_per_red": false,
        "is_pbr_red": false
      },
      {
        "date": "2022/03/31",
        "per": 7.38,
        "pbr": 0.93,
        "is_per_red": false,
        "is_pbr_red": false
      },
      {
        "date": "2023/03/31",
        "per": 8.02,
        "pbr": 0.91,
        "is_per_red": false,
        "is_pbr_red": false
      },
      {
        "date": "2024/03/29",
        "per": 9.44,
        "pbr": 0.9,
        "is_per_red": false,
        "is_pbr_red": false
      }
    ],
    "daily_data": [],
    "financial_data": [],
    "dividend_data": [
      {
        "fiscal_year": "2010/03",
        "total_dividend": 16.0,
        "dividend_yield": 2.0
      },
      {
        "fiscal_year": "2011/03",
        "total_dividend": 16.0,
        "dividend_yield": 2.33
      },
      {
        "fiscal_year": "2012/03",
        "total_dividend": 16.0,
        "dividend_yield": 2.21
      },
      {
        "fiscal_year": "2013/03",
        "total_dividend": 16.0,
        "dividend_yield": 1.88
      }
    ]
  },
  {
    "code": 9059,
    "name": "カンダホールディングス",
    "annual_data": [
      {
        "date": "2010/03/29",
        "per": 2.59,
        "pbr": 0.19,
        "is_per_red": false,
        "is_pbr_red": false
      },
      {
        "date": "2011/03/28",
        "per": 6.03,
        "pbr": 0.18,
        "is_per_red": false,
        "is_pbr_red": false
      },
      {
        "date": "2012/03/30",
        "per": 3.03,
        "pbr": 0.17,
        "is_per_red": false,
        "is_pbr_red": false
      },
      {
        "date": "2013/03/29",
        "per": 4.25,
        "pbr": 0.19,
        "is_per_red": false,
        "is_pbr_red": false
      },
      {
        "date": "2014/03/31",
        "per": 5.07,
        "pbr": 0.18,
        "is_per_red": false,
        "is_pbr_red": false
      },
      {
        "date": "2015/03/31",
        "per": 4.45,
        "pbr": 0.23,
        "is_per_red": false,
        "is_pbr_red": false
      },
      {
        "date": "2016/03/31",
        "per": 2.67,
        "pbr": 0.28,
        "is_per_red": false,
        "is_pbr_red": false
      },
      {
        "date": "2017/03/31",
        "per": 5.58,
        "pbr": 0.33,
        "is_per_red": false,
        "is_pbr_red": false
      },
      {
        "date": "2018/03/30",
        "per": 6.29,
        "pbr": 0.38,
        "is_per_red": false,
        "is_pbr_red": false
      },
      {
        "date": "2019/03/29",
        "per": 5.24,
        "pbr": 0.25,
        "is_per_red": false,
        "is_pbr_red": false
      },
      {
        "date": "2020/03/31",
        "per": 3.74,
        "pbr": 0.22,
        "is_per_red": false,
        "is_pbr_red": false
      },
      {
        "date": "2021/03/31",
        "per": 3.7,
        "pbr": 0.29,
        "is_per_red": false,
        "is_pbr_red": false
      },
      {
        "date": "2022/03/31",
        "per": 3.02,
        "pbr": 0.29,
        "is_per_red": false,
        "is_pbr_red": false
      },
      {
        "date": "2023/03/31",
        "per": 3.56,
        "pbr": 0.29,
        "is_per_red": false,
        "is_pbr_red": false
      },
      {
        "date": "2024/03/29",
        "per": 8.03,
        "pbr": 0.76,
        "is_per_red": false,
        "is_pbr_red": false
      }
    ],
    "daily_data": [],
    "financial_data": [],
    "dividend_data": [
      {
        "fiscal_year": "2010/03",
        "total_dividend": 11.0,
        "dividend_yield": 5.5
      },
      {
        "fiscal_year": "2011/03",
        "total_dividend": 12.0,
        "dividend_yield": 6.0
      },
      {
        "fiscal_year": "2012/03",
        "total_dividend": 12.0,
        "dividend_yield": 6.0
      },
      {
        "fiscal_year": "2013/03",
        "total_dividend": 12.0,
        "dividend_yield": 6.0
      }
    ]
  },
  {
    "code": 9060,
    "name": "日本ロジテム",
    "annual_data": [
      {
        "date": "2010/03/31",
        "per": -1,
        "pbr": 0.3,
        "is_per_red": true,
        "is_pbr_red": false
      },
      {
        "date": "2011/03/30",
        "per": 14.64,
        "pbr": 0.3,
        "is_per_red": false,
        "is_pbr_red": false
      },
      {
        "date": "2012/03/30",
        "per": 52.12,
        "pbr": 0.32,
        "is_per_red": false,
        "is_pbr_red": false
      },
      {
        "date": "2013/03/29",
        "per": 17.22,
        "pbr": 0.35,
        "is_per_red": false,
        "is_pbr_red": false
      },
      {
        "date": "2014/03/31",
        "per": 49.13,
        "pbr": 0.37,
        "is_per_red": false,
        "is_pbr_red": false
      },
      {
        "date": "2015/03/30",
        "per": -1,
        "pbr": 0.37,
        "is_per_red": true,
        "is_pbr_red": false
      },
      {
        "date": "2016/03/31",
        "per": 92.55,
        "pbr": 0.4,
        "is_per_red": false,
        "is_pbr_red": false
      },
      {
        "date": "2017/03/31",
        "per": 8.98,
        "pbr": 0.38,
        "is_per_red": false,
        "is_pbr_red": false
      },
      {
        "date": "2018/03/30",
        "per": 22.13,
        "pbr": 0.39,
        "is_per_red": false,
        "is_pbr_red": false
      },
      {
        "date": "2019/03/27",
        "per": 51.85,
        "pbr": 0.38,
        "is_per_red": false,
        "is_pbr_red": false
      },
      {
        "date": "2020/03/31",
        "per": 8.25,
        "pbr": 0.46,
        "is_per_red": false,
        "is_pbr_red": false
      },
      {
        "date": "2021/03/31",
        "per": 11.68,
        "pbr": 0.45,
        "is_per_red": false,
        "is_pbr_red": false
      },
      {
        "date": "2022/03/31",
        "per": 7.15,
        "pbr": 0.35,
        "is_per_red": false,
        "is_pbr_red": false
      },
      {
        "date": "2023/03/31",
        "per": 8.85,
        "pbr": 0.34,
        "is_per_red": false,
        "is_pbr_red": false
      },
      {
        "date": "2024/03/29",
        "per": 10.69,
        "pbr": 0.36,
        "is_per_red": false,
        "is_pbr_red": false
      }
    ],
    "daily_data": [],
    "financial_data": [],
    "dividend_data": [
      {
        "fiscal_year": "2010/03",
        "total_dividend": 8.0,
        "dividend_yield": 3.64
      },
      {
        "fiscal_year": "2011/03",
        "total_dividend": 8.0,
        "dividend_yield": 3.77
      },
      {
        "fiscal_year": "2012/03",
        "total_dividend": 8.0,
        "dividend_yield": 3.52
      },
      {
        "fiscal_year": "2013/03",
        "total_dividend": 8.0,
        "dividend_yield": 3.11
      }
    ]
  },
  {
    "code": 9063,
    "name": "岡山県貨物運送",
    "annual_data": [
      {
        "date": "2010/03/31",
        "per": 1.94,
        "pbr": 0.28,
        "is_per_red": false,
        "is_pbr_red": false
      },
      {
        "date": "2011/03/31",
        "per": 5.81,
        "pbr": 0.28,
        "is_per_red": false,
        "is_pbr_red": false
      },
      {
        "date": "2012/03/29",
        "per": 6.46,
        "pbr": 0.34,
        "is_per_red": false,
        "is_pbr_red": false
      },
      {
        "date": "2013/03/29",
        "per": 11.07,
        "pbr": 0.38,
        "is_per_red": false,
        "is_pbr_red": false
      },
      {
        "date": "2014/03/31",
        "per": 8.09,
        "pbr": 0.34,
        "is_per_red": false,
        "is_pbr_red": false
      },
      {
        "date": "2015/03/31",
        "per": 4.82,
        "pbr": 0.34,
        "is_per_red": false,
        "is_pbr_red": false
      },
      {
        "date": "2016/03/31",
        "per": 4.17,
        "pbr": 0.38,
        "is_per_red": false,
        "is_pbr_red": false
      },
      {
        "date": "2017/03/31",
        "per": 4.89,
        "pbr": 0.44,
        "is_per_red": false,
        "is_pbr_red": false
      },
      {
        "date": "2018/03/30",
        "per": 4.39,
        "pbr": 0.43,
        "is_per_red": false,
        "is_pbr_red": false
      },
      {
        "date": "2019/03/29",
        "per": 4.48,
        "pbr": 0.37,
        "is_per_red": false,
        "is_pbr_red": false
      },
      {
        "date": "2020/03/31",
        "per": 4.22,
        "pbr": 0.28,
        "is_per_red": false,
        "is_pbr_red": false
      },
      {
        "date": "2021/03/31",
        "per": 4.81,
        "pbr": 0.29,
        "is_per_red": false,
        "is_pbr_red": false
      },
      {
        "date": "2022/03/30",
        "per": 4.64,
        "pbr": 0.3,
        "is_per_red": false,
        "is_pbr_red": false
      },
      {
        "date": "2023/03/31",
        "per": 5.83,
        "pbr": 0.28,
        "is_per_red": false,
        "is_pbr_red": false
      },
      {
        "date": "2024/03/29",
        "per": 2.82,
        "pbr": 0.31,
        "is_per_red": false,
        "is_pbr_red": false
      }
    ],
    "daily_data": [],
    "financial_data": [],
    "dividend_data": [
      {
        "fiscal_year": "2010/03",
        "total_dividend": 3.42
      },
      {
        "fiscal_year": "2011/03",
        "total_dividend": 3.39
      },
      {
        "fiscal_year": "2012/03",
        "total_dividend": 3.33
      },
      {
        "fiscal_year": "2013/03",
        "total_dividend": 2.84
      }
    ]
  },
  {
    "code": 9064,
    "name": "ヤマトホールディングス",
    "annual_data": [
      {
        "date": "2010/03/31",
        "per": 19.05,
        "pbr": 1.2,
        "is_per_red": false,
        "is_pbr_red": false
      },
      {
        "date": "2011/03/31",
        "per": 18.18,
        "pbr": 1.17,
        "is_per_red": false,
        "is_pbr_red": false
      },
      {
        "date": "2012/03/30",
        "per": 30.26,
        "pbr": 1.16,
        "is_per_red": false,
        "is_pbr_red": false
      },
      {
        "date": "2013/03/29",
        "per": 22.84,
        "pbr": 1.5,
        "is_per_red": false,
        "is_pbr_red": false
      },
      {
        "date": "2014/03/31",
        "per": 27.05,
        "pbr": 1.69,
        "is_per_red": false,
        "is_pbr_red": false
      },
      {
        "date": "2015/03/31",
        "per": 30.66,
        "pbr": 2.03,
        "is_per_red": false,
        "is_pbr_red": false
      },
      {
        "date": "2016/03/31",
        "per": 23.3,
        "pbr": 1.66,
        "is_per_red": false,
        "is_pbr_red": false
      },
      {
        "date": "2017/03/31",
        "per": 51.42,
        "pbr": 1.71,
        "is_per_red": false,
        "is_pbr_red": false
      },
      {
        "date": "2018/03/30",
        "per": 57.72,
        "pbr": 1.91,
        "is_per_red": false,
        "is_pbr_red": false
      },
      {
        "date": "2019/03/29",
        "per": 43.89,
        "pbr": 1.99,
        "is_per_red": false,
        "is_pbr_red": false
      },
      {
        "date": "2020/03/31",
        "per": 29.89,
        "pbr": 1.18,
        "is_per_red": false,
        "is_pbr_red": false
      },
      {
        "date": "2021/03/31",
        "per": 20.03,
        "pbr": 1.95,
        "is_per_red": false,
        "is_pbr_red": false
      },
      {
        "date": "2022/03/31",
        "per": 15.18,
        "pbr": 1.42,
        "is_per_red": false,
        "is_pbr_red": false
      },
      {
        "date": "2023/03/31",
        "per": 17.92,
        "pbr": 1.35,
        "is_per_red": false,
        "is_pbr_red": false
      },
      {
        "date": "2024/03/29",
        "per": 20.12,
        "pbr": 1.26,
        "is_per_red": false,
        "is_pbr_red": false
      }
    ],
    "daily_data": [],
    "financial_data": [],
    "dividend_data": [
      {
        "fiscal_year": "2010/03",
        "total_dividend": 22.0,
        "dividend_yield": 1.67
      },
      {
        "fiscal_year": "2011/03",
        "total_dividend": 22.0,
        "dividend_yield": 1.71
      },
      {
        "fiscal_year": "2012/03",
        "total_dividend": 22.0,
        "dividend_yield": 1.72
      },
      {
        "fiscal_year": "2013/03",
        "total_dividend": 23.0,
        "dividend_yield": 1.32
      }
    ]
  },
  {
    "code": 9065,
    "name": "山九",
    "annual_data": [
      {
        "date": "2010/03/31",
        "per": 12.75,
        "pbr": 1.49,
        "is_per_red": false,
        "is_pbr_red": false
      },
      {
        "date": "2011/03/31",
        "per": 15.82,
        "pbr": 1.24,
        "is_per_red": false,
        "is_pbr_red": false
      },
      {
        "date": "2012/03/30",
        "per": 11.61,
        "pbr": 0.95,
        "is_per_red": false,
        "is_pbr_red": false
      },
      {
        "date": "2013/03/29",
        "per": 14.03,
        "pbr": 1.15,
        "is_per_red": false,
        "is_pbr_red": false
      },
      {
        "date": "2014/03/31",
        "per": 12.73,
        "pbr": 0.9,
        "is_per_red": false,
        "is_pbr_red": false
      },
      {
        "date": "2015/03/31",
        "per": 13.4,
        "pbr": 1.11,
        "is_per_red": false,
        "is_pbr_red": false
      },
      {
        "date": "2016/03/31",
        "per": 11.99,
        "pbr": 1.08,
        "is_per_red": false,
        "is_pbr_red": false
      },
      {
        "date": "2017/03/31",
        "per": 11.22,
        "pbr": 1.28,
        "is_per_red": false,
        "is_pbr_red": false
      },
      {
        "date": "2018/03/30",
        "per": 16.44,
        "pbr": 1.78,
        "is_per_red": false,
        "is_pbr_red": false
      },
      {
        "date": "2019/03/29",
        "per": 11.89,
        "pbr": 1.67,
        "is_per_red": false,
        "is_pbr_red": false
      },
      {
        "date": "2020/03/31",
        "per": 9.53,
        "pbr": 1.15,
        "is_per_red": false,
        "is_pbr_red": false
      },
      {
        "date": "2021/03/31",
        "per": 12.49,
        "pbr": 1.25,
        "is_per_red": false,
        "is_pbr_red": false
      },
      {
        "date": "2022/03/31",
        "per": 10.43,
        "pbr": 0.95,
        "is_per_red": false,
        "is_pbr_red": false
      },
      {
        "date": "2023/03/31",
        "per": 11.5,
        "pbr": 1.07,
        "is_per_red": false,
        "is_pbr_red": false
      },
      {
        "date": "2024/03/29",
        "per": 12.18,
        "pbr": 1.03,
        "is_per_red": false,
        "is_pbr_red": false
      }
    ],
    "daily_data": [],
    "financial_data": [
      {
        "fiscal_year": "2008/03",
        "sales": 430800.0,
        "operating_profit": 25800.0,
        "ordinary_profit": 24900.0,
        "net_profit": 14500.0,
        "roa": 16.19,
        "operating_margin": 4.95,
        "cost_ratio": 5.99,
        "sga_ratio": 91.32
      },
      {
        "fiscal_year": "2009/03",
        "sales": 416400.0,
        "operating_profit": 25300.0,
        "ordinary_profit": 24400.0,
        "net_profit": 12500.0,
        "roa": 14.2,
        "operating_margin": 4.17,
        "cost_ratio": 6.09,
        "sga_ratio": 91.02
      },
      {
        "fiscal_year": "2010/03",
        "sales": 387400.0,
        "operating_profit": 21700.0,
        "ordinary_profit": 20100.0,
        "net_profit": 11800.0,
        "roe": 36.15,
        "roa": 11.65,
        "operating_margin": 3.97,
        "cost_ratio": 5.61,
        "sga_ratio": 91.5
      },
      {
        "fiscal_year": "2011/03",
        "sales": 373200.0,
        "operating_profit": 18700.0,
        "ordinary_profit": 17600.0,
        "net_profit": 8200.0,
        "eps": 6809.999999999999,
        "roe": 25.16,
        "roa": 7.81,
        "operating_margin": 2.87,
        "cost_ratio": 5.02,
        "sga_ratio": 92.09
      },
      {
        "fiscal_year": "2012/03",
        "sales": 396000.0,
        "operating_profit": 18500.0,
        "ordinary_profit": 18300.0,
        "net_profit": 9100.0,
        "eps": 9140.0,
        "roe": 27.9,
        "roa": 8.16,
        "operating_margin": 2.94,
        "cost_ratio": 4.67,
        "sga_ratio": 92.46
      },
      {
        "fiscal_year": "2013/03",
        "sales": 401700.0,
        "operating_profit": 17800.0,
        "ordinary_profit": 18000.0,
        "net_profit": 9720.0,
        "eps": 13700.0,
        "roe": 29.8,
        "roa": 8.18,
        "operating_margin": 3.11,
        "cost_ratio": 4.44,
        "sga_ratio": 92.41
      },
      {
        "fiscal_year": "2014/03",
        "sales": 434400.0,
        "operating_profit": 16600.0,
        "ordinary_profit": 15100.0,
        "net_profit": 9150.0,
        "eps": 15300.0,
        "roe": 30.4,
        "roa": 7.03,
        "operating_margin": 2.67,
        "cost_ratio": 3.81,
        "sga_ratio": 92.69
      },
      {
        "fiscal_year": "2015/03",
        "sales": 481300.0,
        "operating_profit": 21300.0,
        "ordinary_profit": 21500.0,
        "net_profit": 11800.0,
        "eps": 18000.0,
        "roe": 39.03,
        "roa": 8.26,
        "operating_margin": 3.13,
        "cost_ratio": 4.42,
        "sga_ratio": 92.05
      },
      {
        "fiscal_year": "2016/03",
        "sales": 489400.0,
        "operating_profit": 24300.0,
        "ordinary_profit": 20700.0,
        "net_profit": 12900.0,
        "eps": 4280.0,
        "roe": 42.88,
        "roa": 8.93,
        "operating_margin": 3.48,
        "cost_ratio": 4.97,
        "sga_ratio": 91.22
      },
      {
        "fiscal_year": "2017/03",
        "sales": 510000.0,
        "operating_profit": 27100.0,
        "ordinary_profit": 28100.0,
        "net_profit": 18200.0,
        "eps": 20000.0,
        "roe": 60.17,
        "roa": 11.4,
        "operating_margin": 4.75,
        "cost_ratio": 5.31,
        "sga_ratio": 90.89
      },
      {
        "fiscal_year": "2018/03",
        "sales": 532000.0,
        "operating_profit": 31600.0,
        "ordinary_profit": 31100.0,
        "net_profit": 19400.0,
        "eps": 23500.0,
        "roe": 320.63,
        "roa": 10.85,
        "operating_margin": 4.83,
        "cost_ratio": 5.94,
        "sga_ratio": 90.27
      },
      {
        "fiscal_year": "2019/03",
        "sales": 572500.0,
        "operating_profit": 39200.0,
        "ordinary_profit": 39200.0,
        "net_profit": 27500.0,
        "eps": 23600.0,
        "roe": 454.01,
        "roa": 14.0,
        "operating_margin": 6.71,
        "cost_ratio": 6.86,
        "sga_ratio": 89.5
      },
      {
        "fiscal_year": "2020/03",
        "sales": 569500.0,
        "operating_profit": 40400.0,
        "ordinary_profit": 40100.0,
        "net_profit": 25600.0,
        "eps": 22200.0,
        "roe": 423.43,
        "roa": 12.12,
        "operating_margin": 5.9,
        "cost_ratio": 7.09,
        "sga_ratio": 89.24
      },
      {
        "fiscal_year": "2021/03",
        "sales": 533900.0,
        "operating_profit": 33900.0,
        "ordinary_profit": 35000.0,
        "net_profit": 23500.0,
        "eps": 29500.0,
        "roe": 389.08,
        "roa": 10.02,
        "operating_margin": 5.15,
        "cost_ratio": 6.36,
        "sga_ratio": 89.74
      },
      {
        "fiscal_year": "2022/03",
        "sales": 553800.0,
        "operating_profit": 34500.0,
        "ordinary_profit": 35400.0,
        "net_profit": 22600.0,
        "eps": 28500.0,
        "roe": 382.49,
        "roa": 9.2,
        "operating_margin": 4.89,
        "cost_ratio": 6.22,
        "sga_ratio": 89.51
      },
      {
        "fiscal_year": "2023/03",
        "sales": 579200.0,
        "operating_profit": 38200.0,
        "ordinary_profit": 39600.0,
        "net_profit": 25000.0,
        "eps": 30800.0,
        "roe": 426.68,
        "roa": 9.27,
        "operating_margin": 5.18,
        "cost_ratio": 6.59,
        "sga_ratio": 89.0
      },
      {
        "fiscal_year": "2024/03",
        "sales": 563500.0,
        "operating_profit": 35200.0,
        "ordinary_profit": 36600.0,
        "net_profit": 24400.0,
        "eps": 37700.0,
        "roe": 428.59,
        "roa": 8.64,
        "operating_margin": 4.83,
        "cost_ratio": 6.25,
        "sga_ratio": 89.0
      },
      {
        "fiscal_year": "2025/03",
        "sales": 596000.0,
        "operating_profit": 39000.0,
        "ordinary_profit": 39500.0,
        "net_profit": 27000.0,
        "roe": 503.42,
        "roa": 9.45,
        "operating_margin": 5.09,
        "cost_ratio": 6.54
      }
    ],
    "dividend_data": [
      {
        "fiscal_year": "2010/03",
        "total_dividend": 9.0,
        "dividend_yield": 1.95
      },
      {
        "fiscal_year": "2011/03",
        "total_dividend": 9.0,
        "dividend_yield": 2.26
      },
      {
        "fiscal_year": "2012/03",
        "total_dividend": 9.0,
        "dividend_yield": 2.78
      },
      {
        "fiscal_year": "2013/03",
        "total_dividend": 9.0,
        "dividend_yield": 2.15
      }
    ]
  },
  {
    "code": 9067,
    "name": "丸運",
    "annual_data": [
      {
        "date": "2010/03/31",
        "per": 7.42,
        "pbr": 0.4,
        "is_per_red": false,
        "is_pbr_red": false
      },
      {
        "date": "2011/03/31",
        "per": 9.64,
        "pbr": 0.34,
        "is_per_red": false,
        "is_pbr_red": false
      },
      {
        "date": "2012/03/30",
        "per": 10.58,
        "pbr": 0.33,
        "is_per_red": false,
        "is_pbr_red": false
      },
      {
        "date": "2013/03/29",
        "per": -1,
        "pbr": 0.38,
        "is_per_red": true,
        "is_pbr_red": false
      },
      {
        "date": "2014/03/31",
        "per": 11.06,
        "pbr": 0.37,
        "is_per_red": false,
        "is_pbr_red": false
      },
      {
        "date": "2015/03/31",
        "per": 84.59,
        "pbr": 0.39,
        "is_per_red": false,
        "is_pbr_red": false
      },
      {
        "date": "2016/03/31",
        "per": 7.29,
        "pbr": 0.36,
        "is_per_red": false,
        "is_pbr_red": false
      },
      {
        "date": "2017/03/31",
        "per": 12.83,
        "pbr": 0.36,
        "is_per_red": false,
        "is_pbr_red": false
      },
      {
        "date": "2018/03/30",
        "per": 11.7,
        "pbr": 0.45,
        "is_per_red": false,
        "is_pbr_red": false
      },
      {
        "date": "2019/03/29",
        "per": 6.56,
        "pbr": 0.38,
        "is_per_red": false,
        "is_pbr_red": false
      },
      {
        "date": "2020/03/31",
        "per": 7.34,
        "pbr": 0.29,
        "is_per_red": false,
        "is_pbr_red": false
      },
      {
        "date": "2021/03/31",
        "per": 17.34,
        "pbr": 0.35,
        "is_per_red": false,
        "is_pbr_red": false
      },
      {
        "date": "2022/03/31",
        "per": 15.22,
        "pbr": 0.3,
        "is_per_red": false,
        "is_pbr_red": false
      },
      {
        "date": "2023/03/31",
        "per": 20.66,
        "pbr": 0.27,
        "is_per_red": false,
        "is_pbr_red": false
      },
      {
        "date": "2024/03/29",
        "per": 19.79,
        "pbr": 0.33,
        "is_per_red": false,
        "is_pbr_red": false
      }
    ],
    "daily_data": [],
    "financial_data": [],
    "dividend_data": [
      {
        "fiscal_year": "2010/03",
        "dividend_yield": 7.0
      },
      {
        "fiscal_year": "2011/03",
        "dividend_yield": 7.0
      },
      {
        "fiscal_year": "2012/03",
        "dividend_yield": 7.0
      },
      {
        "fiscal_year": "2013/03",
        "total_dividend": 3.0,
        "dividend_yield": 6.0
      }
    ]
  },
  {
    "code": 9068,
    "name": "丸全昭和運輸",
    "annual_data": [
      {
        "date": "2010/03/31",
        "per": 17.3,
        "pbr": 0.63,
        "is_per_red": false,
        "is_pbr_red": false
      },
      {
        "date": "2011/03/31",
        "per": 15.58,
        "pbr": 0.53,
        "is_per_red": false,
        "is_pbr_red": false
      },
      {
        "date": "2012/03/30",
        "per": 9.88,
        "pbr": 0.47,
        "is_per_red": false,
        "is_pbr_red": false
      },
      {
        "date": "2013/03/29",
        "per": 12.98,
        "pbr": 0.56,
        "is_per_red": false,
        "is_pbr_red": false
      },
      {
        "date": "2014/03/31",
        "per": 9.97,
        "pbr": 0.5,
        "is_per_red": false,
        "is_pbr_red": false
      },
      {
        "date": "2015/03/31",
        "per": 10.0,
        "pbr": 0.54,
        "is_per_red": false,
        "is_pbr_red": false
      },
      {
        "date": "2016/03/31",
        "per": 8.88,
        "pbr": 0.52,
        "is_per_red": false,
        "is_pbr_red": false
      },
      {
        "date": "2017/03/31",
        "per": 8.95,
        "pbr": 0.54,
        "is_per_red": false,
        "is_pbr_red": false
      },
      {
        "date": "2018/03/30",
        "per": 9.88,
        "pbr": 0.6,
        "is_per_red": false,
        "is_pbr_red": false
      },
      {
        "date": "2019/03/29",
        "per": 10.03,
        "pbr": 0.7,
        "is_per_red": false,
        "is_pbr_red": false
      },
      {
        "date": "2020/03/31",
        "per": 6.03,
        "pbr": 0.53,
        "is_per_red": false,
        "is_pbr_red": false
      },
      {
        "date": "2021/03/31",
        "per": 9.75,
        "pbr": 0.66,
        "is_per_red": false,
        "is_pbr_red": false
      },
      {
        "date": "2022/03/31",
        "per": 7.48,
        "pbr": 0.6,
        "is_per_red": false,
        "is_pbr_red": false
      },
      {
        "date": "2023/03/31",
        "per": 7.31,
        "pbr": 0.57,
        "is_per_red": false,
        "is_pbr_red": false
      },
      {
        "date": "2024/03/29",
        "per": 9.73,
        "pbr": 0.74,
        "is_per_red": false,
        "is_pbr_red": false
      }
    ],
    "daily_data": [],
    "financial_data": [],
    "dividend_data": [
      {
        "fiscal_year": "2010/03",
        "total_dividend": 8.0,
        "dividend_yield": 2.34
      },
      {
        "fiscal_year": "2011/03",
        "total_dividend": 8.0,
        "dividend_yield": 2.75
      },
      {
        "fiscal_year": "2012/03",
        "total_dividend": 9.0,
        "dividend_yield": 3.37
      },
      {
        "fiscal_year": "2013/03",
        "total_dividend": 8.0,
        "dividend_yield": 2.38
      }
    ]
  },
  {
    "code": 9069,
    "name": "センコーグループホールディングス",
    "annual_data": [
      {
        "date": "2010/03/31",
        "per": 13.04,
        "pbr": 0.71,
        "is_per_red": false,
        "is_pbr_red": false
      },
      {
        "date": "2011/03/31",
        "per": 15.35,
        "pbr": 0.59,
        "is_per_red": false,
        "is_pbr_red": false
      },
      {
        "date": "2012/03/30",
        "per": 12.31,
        "pbr": 0.7,
        "is_per_red": false,
        "is_pbr_red": false
      },
      {
        "date": "2013/03/29",
        "per": 12.25,
        "pbr": 0.98,
        "is_per_red": false,
        "is_pbr_red": false
      },
      {
        "date": "2014/03/31",
        "per": 8.81,
        "pbr": 0.85,
        "is_per_red": false,
        "is_pbr_red": false
      },
      {
        "date": "2015/03/31",
        "per": 14.17,
        "pbr": 1.34,
        "is_per_red": false,
        "is_pbr_red": false
      },
      {
        "date": "2016/03/31",
        "per": 11.35,
        "pbr": 1.12,
        "is_per_red": false,
        "is_pbr_red": false
      },
      {
        "date": "2017/03/31",
        "per": 11.63,
        "pbr": 1.08,
        "is_per_red": false,
        "is_pbr_red": false
      },
      {
        "date": "2018/03/30",
        "per": 13.22,
        "pbr": 1.12,
        "is_per_red": false,
        "is_pbr_red": false
      },
      {
        "date": "2019/03/29",
        "per": 11.95,
        "pbr": 1.17,
        "is_per_red": false,
        "is_pbr_red": false
      },
      {
        "date": "2020/03/31",
        "per": 10.54,
        "pbr": 1.02,
        "is_per_red": false,
        "is_pbr_red": false
      },
      {
        "date": "2021/03/31",
        "per": 11.16,
        "pbr": 1.15,
        "is_per_red": false,
        "is_pbr_red": false
      },
      {
        "date": "2022/03/31",
        "per": 8.63,
        "pbr": 0.91,
        "is_per_red": false,
        "is_pbr_red": false
      },
      {
        "date": "2023/03/31",
        "per": 9.18,
        "pbr": 0.88,
        "is_per_red": false,
        "is_pbr_red": false
      },
      {
        "date": "2024/03/29",
        "per": 10.8,
        "pbr": 0.96,
        "is_per_red": false,
        "is_pbr_red": false
      }
    ],
    "daily_data": [],
    "financial_data": [],
    "dividend_data": [
      {
        "fiscal_year": "2010/03",
        "total_dividend": 8.0,
        "dividend_yield": 2.33
      },
      {
        "fiscal_year": "2011/03",
        "total_dividend": 10.0,
        "dividend_yield": 3.72
      },
      {
        "fiscal_year": "2012/03",
        "total_dividend": 12.0,
        "dividend_yield": 3.61
      },
      {
        "fiscal_year": "2013/03",
        "total_dividend": 14.0,
        "dividend_yield": 2.83
      }
    ]
  },
  {
    "code": 9070,
    "name": "トナミホールディングス",
    "annual_data": [
      {
        "date": "2010/03/31",
        "per": 27.71,
        "pbr": 0.43,
        "is_per_red": false,
        "is_pbr_red": false
      },
      {
        "date": "2011/03/31",
        "per": 51.29,
        "pbr": 0.36,
        "is_per_red": false,
        "is_pbr_red": false
      },
      {
        "date": "2012/03/30",
        "per": 28.88,
        "pbr": 0.4,
        "is_per_red": false,
        "is_pbr_red": false
      },
      {
        "date": "2013/03/29",
        "per": 11.76,
        "pbr": 0.44,
        "is_per_red": false,
        "is_pbr_red": false
      },
      {
        "date": "2014/03/31",
        "per": 7.39,
        "pbr": 0.36,
        "is_per_red": false,
        "is_pbr_red": false
      },
      {
        "date": "2015/03/31",
        "per": 12.25,
        "pbr": 0.73,
        "is_per_red": false,
        "is_pbr_red": false
      },
      {
        "date": "2016/03/31",
        "per": 7.56,
        "pbr": 0.47,
        "is_per_red": false,
        "is_pbr_red": false
      },
      {
        "date": "2017/03/31",
        "per": 9.76,
        "pbr": 0.6,
        "is_per_red": false,
        "is_pbr_red": false
      },
      {
        "date": "2018/03/30",
        "per": 18.05,
        "pbr": 0.89,
        "is_per_red": false,
        "is_pbr_red": false
      },
      {
        "date": "2019/03/29",
        "per": 12.58,
        "pbr": 0.82,
        "is_per_red": false,
        "is_pbr_red": false
      },
      {
        "date": "2020/03/31",
        "per": 10.66,
        "pbr": 0.62,
        "is_per_red": false,
        "is_pbr_red": false
      },
      {
        "date": "2021/03/31",
        "per": 10.48,
        "pbr": 0.64,
        "is_per_red": false,
        "is_pbr_red": false
      },
      {
        "date": "2022/03/31",
        "per": 6.66,
        "pbr": 0.42,
        "is_per_red": false,
        "is_pbr_red": false
      },
      {
        "date": "2023/03/31",
        "per": 6.93,
        "pbr": 0.43,
        "is_per_red": false,
        "is_pbr_red": false
      },
      {
        "date": "2024/03/29",
        "per": 10.31,
        "pbr": 0.45,
        "is_per_red": false,
        "is_pbr_red": false
      }
    ],
    "daily_data": [],
    "financial_data": [],
    "dividend_data": [
      {
        "fiscal_year": "2010/03",
        "total_dividend": 4.0,
        "dividend_yield": 2.01
      },
      {
        "fiscal_year": "2011/03",
        "total_dividend": 4.0,
        "dividend_yield": 2.42
      },
      {
        "fiscal_year": "2012/03",
        "total_dividend": 4.0,
        "dividend_yield": 2.14
      },
      {
        "fiscal_year": "2013/03",
        "total_dividend": 5.0,
        "dividend_yield": 2.33
      }
    ]
  },
  {
    "code": 9072,
    "name": "ニッコンホールディングス",
    "annual_data": [
      {
        "date": "2010/03/31",
        "per": 15.02,
        "pbr": 0.65,
        "is_per_red": false,
        "is_pbr_red": false
      },
      {
        "date": "2011/03/31",
        "per": 11.84,
        "pbr": 0.57,
        "is_per_red": false,
        "is_pbr_red": false
      },
      {
        "date": "2012/03/30",
        "per": 12.36,
        "pbr": 0.6,
        "is_per_red": false,
        "is_pbr_red": false
      },
      {
        "date": "2013/03/29",
        "per": 11.08,
        "pbr": 0.75,
        "is_per_red": false,
        "is_pbr_red": false
      },
      {
        "date": "2014/03/31",
        "per": 10.94,
        "pbr": 0.87,
        "is_per_red": false,
        "is_pbr_red": false
      },
      {
        "date": "2015/03/31",
        "per": 11.72,
        "pbr": 0.91,
        "is_per_red": false,
        "is_pbr_red": false
      },
      {
        "date": "2016/03/31",
        "per": 11.61,
        "pbr": 0.87,
        "is_per_red": false,
        "is_pbr_red": false
      },
      {
        "date": "2017/03/31",
        "per": 11.92,
        "pbr": 0.94,
        "is_per_red": false,
        "is_pbr_red": false
      },
      {
        "date": "2018/03/30",
        "per": 12.96,
        "pbr": 1.03,
        "is_per_red": false,
        "is_pbr_red": false
      },
      {
        "date": "2019/03/29",
        "per": 11.85,
        "pbr": 0.93,
        "is_per_red": false,
        "is_pbr_red": false
      },
      {
        "date": "2020/03/31",
        "per": 8.33,
        "pbr": 0.72,
        "is_per_red": false,
        "is_pbr_red": false
      },
      {
        "date": "2021/03/31",
        "per": 10.05,
        "pbr": 0.7,
        "is_per_red": false,
        "is_pbr_red": false
      },
      {
        "date": "2022/03/31",
        "per": 9.11,
        "pbr": 0.61,
        "is_per_red": false,
        "is_pbr_red": false
      },
      {
        "date": "2023/03/31",
        "per": 10.04,
        "pbr": 0.69,
        "is_per_red": false,
        "is_pbr_red": false
      },
      {
        "date": "2024/03/29",
        "per": 11.32,
        "pbr": 0.76,
        "is_per_red": false,
        "is_pbr_red": false
      }
    ],
    "daily_data": [],
    "financial_data": [
      {
        "fiscal_year": "2008/03",
        "sales": 153600.0,
        "operating_profit": 12800.0,
        "ordinary_profit": 12800.0,
        "net_profit": 7470.0,
        "roa": 6.58,
        "operating_margin": 4.13,
        "cost_ratio": 8.36,
        "sga_ratio": 86.93
      },
      {
        "fiscal_year": "2009/03",
        "sales": 141200.0,
        "operating_profit": 8700.0,
        "ordinary_profit": 8960.0,
        "net_profit": 4610.0,
        "roa": 4.06,
        "operating_margin": 2.51,
        "cost_ratio": 6.16,
        "sga_ratio": 88.77
      },
      {
        "fiscal_year": "2010/03",
        "sales": 116200.0,
        "operating_profit": 8230.0,
        "ordinary_profit": 9790.0,
        "net_profit": 5230.0,
        "roe": 35.22,
        "roa": 4.36,
        "operating_margin": 2.8,
        "cost_ratio": 7.08,
        "sga_ratio": 87.31
      },
      {
        "fiscal_year": "2011/03",
        "sales": 122800.0,
        "operating_profit": 8910.0,
        "ordinary_profit": 9520.0,
        "net_profit": 5820.0,
        "eps": 4560.0,
        "roe": 39.22,
        "roa": 4.81,
        "operating_margin": 3.16,
        "cost_ratio": 7.26,
        "sga_ratio": 87.4
      },
      {
        "fiscal_year": "2012/03",
        "sales": 130700.0,
        "operating_profit": 10200.0,
        "ordinary_profit": 11300.0,
        "net_profit": 6110.0,
        "eps": 6600.0,
        "roe": 41.16,
        "roa": 4.83,
        "operating_margin": 3.27,
        "cost_ratio": 7.79,
        "sga_ratio": 87.1
      },
      {
        "fiscal_year": "2013/03",
        "sales": 140500.0,
        "operating_profit": 13500.0,
        "ordinary_profit": 15800.0,
        "net_profit": 9300.0,
        "eps": 12600.0,
        "roe": 66.23,
        "roa": 6.78,
        "operating_margin": 4.79,
        "cost_ratio": 9.63,
        "sga_ratio": 85.69
      },
      {
        "fiscal_year": "2014/03",
        "sales": 165200.0,
        "operating_profit": 14900.0,
        "ordinary_profit": 16400.0,
        "net_profit": 11600.0,
        "eps": 12800.0,
        "roe": 83.1,
        "roa": 7.9,
        "operating_margin": 4.94,
        "cost_ratio": 9.01,
        "sga_ratio": 86.68
      },
      {
        "fiscal_year": "2015/03",
        "sales": 170100.0,
        "operating_profit": 15200.0,
        "ordinary_profit": 17300.0,
        "net_profit": 12300.0,
        "eps": 16300.0,
        "roe": 89.83,
        "roa": 7.9,
        "operating_margin": 5.06,
        "cost_ratio": 8.94,
        "sga_ratio": 86.53
      },
      {
        "fiscal_year": "2016/03",
        "sales": 174000.0,
        "operating_profit": 17500.0,
        "ordinary_profit": 18400.0,
        "net_profit": 11900.0,
        "eps": 7330.0,
        "roe": 87.86,
        "roa": 7.46,
        "operating_margin": 4.67,
        "cost_ratio": 10.06,
        "sga_ratio": 84.94
      },
      {
        "fiscal_year": "2017/03",
        "sales": 179300.0,
        "operating_profit": 18100.0,
        "ordinary_profit": 19600.0,
        "net_profit": 13500.0,
        "eps": 15600.0,
        "roe": 99.61,
        "roa": 7.88,
        "operating_margin": 4.81,
        "cost_ratio": 10.11,
        "sga_ratio": 84.94
      },
      {
        "fiscal_year": "2018/03",
        "sales": 187800.0,
        "operating_profit": 19000.0,
        "ordinary_profit": 20700.0,
        "net_profit": 14500.0,
        "eps": 16000.0,
        "roe": 107.65,
        "roa": 7.99,
        "operating_margin": 5.09,
        "cost_ratio": 10.12,
        "sga_ratio": 85.07
      },
      {
        "fiscal_year": "2019/03",
        "sales": 197700.0,
        "operating_profit": 20000.0,
        "ordinary_profit": 22000.0,
        "net_profit": 14800.0,
        "eps": 11800.0,
        "roe": 110.51,
        "roa": 7.93,
        "operating_margin": 5.02,
        "cost_ratio": 10.13,
        "sga_ratio": 84.95
      },
      {
        "fiscal_year": "2020/03",
        "sales": 199500.0,
        "operating_profit": 20900.0,
        "ordinary_profit": 22500.0,
        "net_profit": 16700.0,
        "eps": 12700.0,
        "roe": 127.0,
        "roa": 8.67,
        "operating_margin": 5.62,
        "cost_ratio": 10.47,
        "sga_ratio": 84.51
      },
      {
        "fiscal_year": "2021/03",
        "sales": 182500.0,
        "operating_profit": 18200.0,
        "ordinary_profit": 20600.0,
        "net_profit": 14500.0,
        "eps": 19700.0,
        "roe": 110.63,
        "roa": 7.0,
        "operating_margin": 4.51,
        "cost_ratio": 9.97,
        "sga_ratio": 84.9
      },
      {
        "fiscal_year": "2022/03",
        "sales": 198200.0,
        "operating_profit": 19500.0,
        "ordinary_profit": 21600.0,
        "net_profit": 14700.0,
        "eps": 15700.0,
        "roe": 112.2,
        "roa": 6.75,
        "operating_margin": 4.34,
        "cost_ratio": 9.85,
        "sga_ratio": 85.12
      },
      {
        "fiscal_year": "2023/03",
        "sales": 212100.0,
        "operating_profit": 19600.0,
        "ordinary_profit": 22100.0,
        "net_profit": 15900.0,
        "eps": 18800.0,
        "roe": 123.3,
        "roa": 6.95,
        "operating_margin": 4.41,
        "cost_ratio": 9.23,
        "sga_ratio": 85.59
      },
      {
        "fiscal_year": "2024/03",
        "sales": 222300.0,
        "operating_profit": 21200.0,
        "ordinary_profit": 23900.0,
        "net_profit": 16600.0,
        "eps": 27300.0,
        "roe": 130.49,
        "roa": 6.75,
        "operating_margin": 4.28,
        "cost_ratio": 9.55,
        "sga_ratio": 85.26
      },
      {
        "fiscal_year": "2025/03",
        "sales": 250000.0,
        "operating_profit": 24000.0,
        "ordinary_profit": 25300.0,
        "net_profit": 17000.0,
        "roe": 136.54,
        "roa": 6.98,
        "operating_margin": 4.22,
        "cost_ratio": 9.6
      }
    ],
    "dividend_data": [
      {
        "fiscal_year": "2010/03",
        "total_dividend": 19.0,
        "dividend_yield": 9.5
      },
      {
        "fiscal_year": "2011/03",
        "total_dividend": 21.0,
        "dividend_yield": 10.5
      },
      {
        "fiscal_year": "2012/03",
        "total_dividend": 22.0,
        "dividend_yield": 11.0
      },
      {
        "fiscal_year": "2013/03",
        "total_dividend": 37.0,
        "dividend_yield": 18.5
      }
    ]
  },
  {
    "code": 9073,
    "name": "京極運輸商事",
    "annual_data": [
      {
        "date": "2010/03/25",
        "per": 9.79,
        "pbr": 0.41,
        "is_per_red": false,
        "is_pbr_red": false
      },
      {
        "date": "2011/03/28",
        "per": 59.45,
        "pbr": 0.43,
        "is_per_red": false,
        "is_pbr_red": false
      },
      {
        "date": "2012/03/23",
        "per": 28.2,
        "pbr": 0.49,
        "is_per_red": false,
        "is_pbr_red": false
      },
      {
        "date": "2013/03/29",
        "per": 17.55,
        "pbr": 0.47,
        "is_per_red": false,
        "is_pbr_red": false
      },
      {
        "date": "2014/03/27",
        "per": 47.16,
        "pbr": 0.37,
        "is_per_red": false,
        "is_pbr_red": false
      },
      {
        "date": "2015/03/31",
        "per": 13.45,
        "pbr": 0.42,
        "is_per_red": false,
        "is_pbr_red": false
      },
      {
        "date": "2016/03/31",
        "per": 6.58,
        "pbr": 0.35,
        "is_per_red": false,
        "is_pbr_red": false
      },
      {
        "date": "2017/03/31",
        "per": 7.61,
        "pbr": 0.36,
        "is_per_red": false,
        "is_pbr_red": false
      },
      {
        "date": "2018/03/29",
        "per": 11.59,
        "pbr": 0.39,
        "is_per_red": false,
        "is_pbr_red": false
      },
      {
        "date": "2019/03/29",
        "per": 10.26,
        "pbr": 0.39,
        "is_per_red": false,
        "is_pbr_red": false
      },
      {
        "date": "2020/03/31",
        "per": 13.3,
        "pbr": 0.47,
        "is_per_red": false,
        "is_pbr_red": false
      },
      {
        "date": "2021/03/31",
        "per": 10.69,
        "pbr": 0.44,
        "is_per_red": false,
        "is_pbr_red": false
      },
      {
        "date": "2022/03/31",
        "per": 12.37,
        "pbr": 0.5,
        "is_per_red": false,
        "is_pbr_red": false
      },
      {
        "date": "2023/03/31",
        "per": 28.35,
        "pbr": 0.45,
        "is_per_red": false,
        "is_pbr_red": false
      },
      {
        "date": "2024/03/29",
        "per": 32.73,
        "pbr": 0.44,
        "is_per_red": false,
        "is_pbr_red": false
      }
    ],
    "daily_data": [],
    "financial_data": [
      {
        "fiscal_year": "2008/03",
        "sales": 10500.0,
        "operating_profit": 50.0,
        "ordinary_profit": 51.0,
        "net_profit": 47.0,
        "roa": 1.78,
        "operating_margin": 0.7,
        "cost_ratio": 0.47,
        "sga_ratio": 94.21
      },
      {
        "fiscal_year": "2009/03",
        "sales": 9580.0,
        "operating_profit": -105.0,
        "ordinary_profit": -97.0,
        "net_profit": -108.0,
        "roa": -1,
        "operating_margin": -1,
        "cost_ratio": -1.09,
        "sga_ratio": 95.21
      },
      {
        "fiscal_year": "2010/03",
        "sales": 8180.0,
        "operating_profit": 76.0,
        "ordinary_profit": 120.0,
        "net_profit": 105.0,
        "roe": 32.67,
        "roa": 4.14,
        "operating_margin": 1.72,
        "cost_ratio": 0.93,
        "sga_ratio": 92.98
      },
      {
        "fiscal_year": "2011/03",
        "sales": 8560.0,
        "operating_profit": 53.0,
        "ordinary_profit": 106.0,
        "net_profit": 19.0,
        "eps": 54.0,
        "roe": 5.87,
        "roa": 0.73,
        "operating_margin": 0.3,
        "cost_ratio": 0.62,
        "sga_ratio": 93.18
      },
      {
        "fiscal_year": "2012/03",
        "sales": 9340.0,
        "operating_profit": 125.0,
        "ordinary_profit": 173.0,
        "net_profit": 46.0,
        "eps": 115.0,
        "roe": 14.47,
        "roa": 1.73,
        "operating_margin": 0.69,
        "cost_ratio": 1.34,
        "sga_ratio": 93.63
      },
      {
        "fiscal_year": "2013/03",
        "sales": 8730.0,
        "operating_profit": 65.0,
        "ordinary_profit": 133.0,
        "net_profit": 75.0,
        "eps": 100.0,
        "roe": 23.36,
        "roa": 2.7,
        "operating_margin": 1.14,
        "cost_ratio": 0.75,
        "sga_ratio": 94.0
      },
      {
        "fiscal_year": "2014/03",
        "sales": 8960.0,
        "operating_profit": 58.0,
        "ordinary_profit": 60.0,
        "net_profit": 22.0,
        "eps": 109.0,
        "roe": 7.04,
        "roa": 0.8,
        "operating_margin": 0.34,
        "cost_ratio": 0.64,
        "sga_ratio": 94.39
      },
      {
        "fiscal_year": "2015/03",
        "sales": 9040.0,
        "operating_profit": 152.0,
        "ordinary_profit": 181.0,
        "net_profit": 93.0,
        "eps": 216.0,
        "roe": 29.66,
        "roa": 3.14,
        "operating_margin": 1.36,
        "cost_ratio": 1.69,
        "sga_ratio": 93.23
      },
      {
        "fiscal_year": "2016/03",
        "sales": 8470.0,
        "operating_profit": 260.0,
        "ordinary_profit": 312.0,
        "net_profit": 160.0,
        "eps": 51.0,
        "roe": 51.23,
        "roa": 5.36,
        "operating_margin": 2.35,
        "cost_ratio": 3.07,
        "sga_ratio": 91.14
      },
      {
        "fiscal_year": "2017/03",
        "sales": 8360.0,
        "operating_profit": 179.0,
        "ordinary_profit": 224.0,
        "net_profit": 157.0,
        "eps": 327.0,
        "roe": 50.23,
        "roa": 4.77,
        "operating_margin": 2.13,
        "cost_ratio": 2.14,
        "sga_ratio": 91.84
      },
      {
        "fiscal_year": "2018/03",
        "sales": 8910.0,
        "operating_profit": 138.0,
        "ordinary_profit": 178.0,
        "net_profit": 117.0,
        "eps": 230.0,
        "roe": 38.05,
        "roa": 3.36,
        "operating_margin": 1.49,
        "cost_ratio": 1.54,
        "sga_ratio": 92.26
      },
      {
        "fiscal_year": "2019/03",
        "sales": 9420.0,
        "operating_profit": 151.0,
        "ordinary_profit": 177.0,
        "net_profit": 127.0,
        "eps": -79.0,
        "roe": 41.32,
        "roa": 3.75,
        "operating_margin": 1.66,
        "cost_ratio": 1.6,
        "sga_ratio": 92.44
      },
      {
        "fiscal_year": "2020/03",
        "sales": 9050.0,
        "operating_profit": 115.0,
        "ordinary_profit": 165.0,
        "net_profit": 117.0,
        "eps": -15.0,
        "roe": 38.36,
        "roa": 3.51,
        "operating_margin": 1.59,
        "cost_ratio": 1.27,
        "sga_ratio": 92.48
      },
      {
        "fiscal_year": "2021/03",
        "sales": 8700.0,
        "operating_profit": 173.0,
        "ordinary_profit": 219.0,
        "net_profit": 154.0,
        "eps": 458.0,
        "roe": 50.52,
        "roa": 4.08,
        "operating_margin": 1.95,
        "cost_ratio": 1.99,
        "sga_ratio": 91.34
      },
      {
        "fiscal_year": "2022/03",
        "sales": 8970.0,
        "operating_profit": 151.0,
        "ordinary_profit": 204.0,
        "net_profit": 153.0,
        "eps": 7.6,
        "roe": 50.11,
        "roa": 4.06,
        "operating_margin": 2.0,
        "cost_ratio": 1.69,
        "sga_ratio": 91.78
      },
      {
        "fiscal_year": "2023/03",
        "sales": 8730.0,
        "operating_profit": 6.3,
        "ordinary_profit": 89.0,
        "net_profit": 62.0,
        "eps": 190.0,
        "roe": 20.28,
        "roa": 1.58,
        "operating_margin": 0.83,
        "cost_ratio": 0.07,
        "sga_ratio": 92.71
      },
      {
        "fiscal_year": "2024/03",
        "sales": 8410.0,
        "operating_profit": 33.0,
        "ordinary_profit": 123.0,
        "net_profit": 60.0,
        "eps": 488.0,
        "roe": 19.83,
        "roa": 1.39,
        "operating_margin": 0.74,
        "cost_ratio": 0.39,
        "sga_ratio": 91.82
      },
      {
        "fiscal_year": "2025/03",
        "sales": 8470.0,
        "operating_profit": 58.0,
        "ordinary_profit": 120.0,
        "net_profit": 84.0,
        "roe": 28.33,
        "roa": 1.99,
        "operating_margin": 1.08,
        "cost_ratio": 0.68
      }
    ],
    "dividend_data": [
      {
        "fiscal_year": "2010/03",
        "total_dividend": 0.94
      },
      {
        "fiscal_year": "2011/03",
        "total_dividend": 0.86
      },
      {
        "fiscal_year": "2012/03",
        "total_dividend": 0.74
      },
      {
        "fiscal_year": "2013/03",
        "total_dividend": 0.73
      }
    ]
  },
  {
    "code": 9074,
    "name": "日本石油輸送",
    "annual_data": [
      {
        "date": "2010/03/31",
        "per": 16.23,
        "pbr": 0.45,
        "is_per_red": false,
        "is_pbr_red": false
      },
      {
        "date": "2011/03/31",
        "per": 21.14,
        "pbr": 0.5,
        "is_per_red": false,
        "is_pbr_red": false
      },
      {
        "date": "2012/03/30",
        "per": 25.29,
        "pbr": 0.45,
        "is_per_red": false,
        "is_pbr_red": false
      },
      {
        "date": "2013/03/29",
        "per": 14.24,
        "pbr": 0.49,
        "is_per_red": false,
        "is_pbr_red": false
      },
      {
        "date": "2014/03/31",
        "per": 9.56,
        "pbr": 0.48,
        "is_per_red": false,
        "is_pbr_red": false
      },
      {
        "date": "2015/03/31",
        "per": 14.34,
        "pbr": 0.49,
        "is_per_red": false,
        "is_pbr_red": false
      },
      {
        "date": "2016/03/31",
        "per": 9.77,
        "pbr": 0.46,
        "is_per_red": false,
        "is_pbr_red": false
      },
      {
        "date": "2017/03/31",
        "per": 8.34,
        "pbr": 0.47,
        "is_per_red": false,
        "is_pbr_red": false
      },
      {
        "date": "2018/03/30",
        "per": 10.32,
        "pbr": 0.56,
        "is_per_red": false,
        "is_pbr_red": false
      },
      {
        "date": "2019/03/29",
        "per": 11.42,
        "pbr": 0.5,
        "is_per_red": false,
        "is_pbr_red": false
      },
      {
        "date": "2020/03/31",
        "per": 7.9,
        "pbr": 0.46,
        "is_per_red": false,
        "is_pbr_red": false
      },
      {
        "date": "2021/03/31",
        "per": 9.84,
        "pbr": 0.43,
        "is_per_red": false,
        "is_pbr_red": false
      },
      {
        "date": "2022/03/31",
        "per": 8.05,
        "pbr": 0.41,
        "is_per_red": false,
        "is_pbr_red": false
      },
      {
        "date": "2023/03/31",
        "per": 6.51,
        "pbr": 0.35,
        "is_per_red": false,
        "is_pbr_red": false
      },
      {
        "date": "2024/03/29",
        "per": 8.42,
        "pbr": 0.39,
        "is_per_red": false,
        "is_pbr_red": false
      }
    ],
    "daily_data": [],
    "financial_data": [
      {
        "fiscal_year": "2008/03",
        "sales": 33400.0,
        "operating_profit": 429.0,
        "ordinary_profit": 773.0,
        "net_profit": 326.0,
        "roa": 2.04,
        "operating_margin": 1.23,
        "cost_ratio": 1.28,
        "sga_ratio": 92.73
      },
      {
        "fiscal_year": "2009/03",
        "sales": 31700.0,
        "operating_profit": 282.0,
        "ordinary_profit": 407.0,
        "net_profit": -235.0,
        "roa": -1,
        "operating_margin": -1,
        "cost_ratio": 0.89,
        "sga_ratio": 92.83
      },
      {
        "fiscal_year": "2010/03",
        "sales": 31100.0,
        "operating_profit": 894.0,
        "ordinary_profit": 903.9999999999999,
        "net_profit": 418.0,
        "roe": 12.57,
        "roa": 2.77,
        "operating_margin": 1.44,
        "cost_ratio": 2.87,
        "sga_ratio": 90.7
      },
      {
        "fiscal_year": "2011/03",
        "sales": 31900.0,
        "operating_profit": 865.0,
        "ordinary_profit": 993.0,
        "net_profit": 363.0,
        "eps": 599.0,
        "roe": 10.93,
        "roa": 2.35,
        "operating_margin": 1.3,
        "cost_ratio": 2.71,
        "sga_ratio": 91.11
      },
      {
        "fiscal_year": "2012/03",
        "sales": 33500.0,
        "operating_profit": 770.0,
        "ordinary_profit": 947.0000000000001,
        "net_profit": 271.0,
        "eps": 154.0,
        "roe": 8.14,
        "roa": 1.77,
        "operating_margin": 0.98,
        "cost_ratio": 2.3,
        "sga_ratio": 91.6
      },
      {
        "fiscal_year": "2013/03",
        "sales": 30500.0,
        "operating_profit": 554.0,
        "ordinary_profit": 773.0,
        "net_profit": 544.0,
        "eps": 609.0,
        "roe": 16.36,
        "roa": 3.47,
        "operating_margin": 1.99,
        "cost_ratio": 1.82,
        "sga_ratio": 91.58
      },
      {
        "fiscal_year": "2014/03",
        "sales": 31000.0,
        "operating_profit": 771.0,
        "ordinary_profit": 1050.0,
        "net_profit": 810.0,
        "eps": 757.0,
        "roe": 24.48,
        "roa": 5.01,
        "operating_margin": 3.0,
        "cost_ratio": 2.49,
        "sga_ratio": 90.95
      },
      {
        "fiscal_year": "2015/03",
        "sales": 30500.0,
        "operating_profit": 732.0,
        "ordinary_profit": 1019.9999999999999,
        "net_profit": 570.0,
        "eps": 685.0,
        "roe": 17.22,
        "roa": 3.45,
        "operating_margin": 2.0,
        "cost_ratio": 2.4,
        "sga_ratio": 90.96
      },
      {
        "fiscal_year": "2016/03",
        "sales": 30900.0,
        "operating_profit": 994.0,
        "ordinary_profit": 1300.0,
        "net_profit": 786.0,
        "eps": 451.99999999999994,
        "roe": 23.75,
        "roa": 4.69,
        "operating_margin": 2.6,
        "cost_ratio": 3.22,
        "sga_ratio": 90.56
      },
      {
        "fiscal_year": "2017/03",
        "sales": 31000.0,
        "operating_profit": 1150.0,
        "ordinary_profit": 1470.0,
        "net_profit": 1010.0,
        "eps": 1500.0,
        "roe": 306.47,
        "roa": 5.66,
        "operating_margin": 3.14,
        "cost_ratio": 3.71,
        "sga_ratio": 90.0
      },
      {
        "fiscal_year": "2018/03",
        "sales": 33000.0,
        "operating_profit": 1220.0,
        "ordinary_profit": 1470.0,
        "net_profit": 1040.0,
        "eps": 1510.0,
        "roe": 313.45,
        "roa": 5.41,
        "operating_margin": 3.04,
        "cost_ratio": 3.71,
        "sga_ratio": 90.43
      },
      {
        "fiscal_year": "2019/03",
        "sales": 34200.0,
        "operating_profit": 1010.0,
        "ordinary_profit": 1320.0,
        "net_profit": 831.0,
        "eps": 212.0,
        "roe": 251.19,
        "roa": 4.35,
        "operating_margin": 2.5,
        "cost_ratio": 2.95,
        "sga_ratio": 90.96
      },
      {
        "fiscal_year": "2020/03",
        "sales": 34300.0,
        "operating_profit": 1300.0,
        "ordinary_profit": 1700.0,
        "net_profit": 1120.0,
        "eps": 395.0,
        "roe": 337.04,
        "roa": 5.8,
        "operating_margin": 3.35,
        "cost_ratio": 3.8,
        "sga_ratio": 89.86
      },
      {
        "fiscal_year": "2021/03",
        "sales": 32300.0,
        "operating_profit": 1360.0,
        "ordinary_profit": 1520.0,
        "net_profit": 915.0,
        "eps": 1720.0,
        "roe": 276.6,
        "roa": 4.42,
        "operating_margin": 2.59,
        "cost_ratio": 4.2,
        "sga_ratio": 89.18
      },
      {
        "fiscal_year": "2022/03",
        "sales": 34300.0,
        "operating_profit": 1460.0,
        "ordinary_profit": 1630.0,
        "net_profit": 1090.0,
        "eps": 1040.0,
        "roe": 328.91,
        "roa": 5.08,
        "operating_margin": 3.05,
        "cost_ratio": 4.26,
        "sga_ratio": 89.52
      },
      {
        "fiscal_year": "2023/03",
        "sales": 35200.0,
        "operating_profit": 1580.0,
        "ordinary_profit": 1789.9999999999998,
        "net_profit": 1230.0,
        "eps": 1450.0,
        "roe": 370.95,
        "roa": 5.43,
        "operating_margin": 3.33,
        "cost_ratio": 4.48,
        "sga_ratio": 89.01
      },
      {
        "fiscal_year": "2024/03",
        "sales": 35000.0,
        "operating_profit": 1560.0,
        "ordinary_profit": 1789.9999999999998,
        "net_profit": 1150.0,
        "eps": 2750.0,
        "roe": 348.9,
        "roa": 4.61,
        "operating_margin": 2.81,
        "cost_ratio": 4.46,
        "sga_ratio": 88.88
      },
      {
        "fiscal_year": "2025/03",
        "sales": 36000.0,
        "operating_profit": 1600.0,
        "ordinary_profit": 1750.0,
        "net_profit": 1250.0,
        "roe": 377.96,
        "roa": 4.99,
        "operating_margin": 3.06,
        "cost_ratio": 4.44
      }
    ],
    "dividend_data": [
      {
        "fiscal_year": "2010/03",
        "total_dividend": 7.0,
        "dividend_yield": 3.43
      },
      {
        "fiscal_year": "2011/03",
        "total_dividend": 9.0,
        "dividend_yield": 3.9
      },
      {
        "fiscal_year": "2012/03",
        "total_dividend": 7.0,
        "dividend_yield": 3.4
      },
      {
        "fiscal_year": "2013/03",
        "total_dividend": 7.0,
        "dividend_yield": 3.0
      }
    ]
  },
  {
    "code": 9075,
    "name": "福山通運",
    "annual_data": [
      {
        "date": "2010/03/31",
        "per": 17.26,
        "pbr": 0.76,
        "is_per_red": false,
        "is_pbr_red": false
      },
      {
        "date": "2011/03/31",
        "per": 13.41,
        "pbr": 0.65,
        "is_per_red": false,
        "is_pbr_red": false
      },
      {
        "date": "2012/03/30",
        "per": 12.64,
        "pbr": 0.69,
        "is_per_red": false,
        "is_pbr_red": false
      },
      {
        "date": "2013/03/29",
        "per": 34.56,
        "pbr": 0.8,
        "is_per_red": false,
        "is_pbr_red": false
      },
      {
        "date": "2014/03/31",
        "per": 19.62,
        "pbr": 0.77,
        "is_per_red": false,
        "is_pbr_red": false
      },
      {
        "date": "2015/03/31",
        "per": 17.62,
        "pbr": 0.73,
        "is_per_red": false,
        "is_pbr_red": false
      },
      {
        "date": "2016/03/31",
        "per": 13.61,
        "pbr": 0.62,
        "is_per_red": false,
        "is_pbr_red": false
      },
      {
        "date": "2017/03/31",
        "per": 17.49,
        "pbr": 0.74,
        "is_per_red": false,
        "is_pbr_red": false
      },
      {
        "date": "2018/03/30",
        "per": 22.48,
        "pbr": 0.98,
        "is_per_red": false,
        "is_pbr_red": false
      },
      {
        "date": "2019/03/29",
        "per": 14.43,
        "pbr": 0.86,
        "is_per_red": false,
        "is_pbr_red": false
      },
      {
        "date": "2020/03/31",
        "per": 14.91,
        "pbr": 0.76,
        "is_per_red": false,
        "is_pbr_red": false
      },
      {
        "date": "2021/03/31",
        "per": 14.58,
        "pbr": 0.83,
        "is_per_red": false,
        "is_pbr_red": false
      },
      {
        "date": "2022/03/31",
        "per": 9.23,
        "pbr": 0.58,
        "is_per_red": false,
        "is_pbr_red": false
      },
      {
        "date": "2023/03/31",
        "per": 6.99,
        "pbr": 0.54,
        "is_per_red": false,
        "is_pbr_red": false
      },
      {
        "date": "2024/03/29",
        "per": 18.73,
        "pbr": 0.5,
        "is_per_red": false,
        "is_pbr_red": false
      }
    ],
    "daily_data": [],
    "financial_data": [
      {
        "fiscal_year": "2008/03",
        "sales": 253900.0,
        "operating_profit": 5820.0,
        "ordinary_profit": 6600.0,
        "net_profit": 4870.0,
        "roa": 2.89,
        "operating_margin": 1.38,
        "cost_ratio": 2.29,
        "sga_ratio": 96.18
      },
      {
        "fiscal_year": "2009/03",
        "sales": 243000.0,
        "operating_profit": 8220.0,
        "ordinary_profit": 8090.000000000001,
        "net_profit": 4360.0,
        "roa": 2.64,
        "operating_margin": 1.3,
        "cost_ratio": 3.38,
        "sga_ratio": 95.14
      },
      {
        "fiscal_year": "2010/03",
        "sales": 237700.0,
        "operating_profit": 12500.0,
        "ordinary_profit": 12700.0,
        "net_profit": 7540.000000000001,
        "roe": 27.05,
        "roa": 4.42,
        "operating_margin": 2.04,
        "cost_ratio": 5.27,
        "sga_ratio": 92.91
      },
      {
        "fiscal_year": "2011/03",
        "sales": 255600.0,
        "operating_profit": 13100.0,
        "ordinary_profit": 14300.0,
        "net_profit": 8400.0,
        "eps": 6740.000000000001,
        "roe": 30.12,
        "roa": 4.88,
        "operating_margin": 2.38,
        "cost_ratio": 5.12,
        "sga_ratio": 93.19
      },
      {
        "fiscal_year": "2012/03",
        "sales": 248400.0,
        "operating_profit": 13500.0,
        "ordinary_profit": 14100.0,
        "net_profit": 9930.0,
        "eps": 15400.0,
        "roe": 35.6,
        "roa": 5.45,
        "operating_margin": 2.64,
        "cost_ratio": 5.45,
        "sga_ratio": 92.76
      },
      {
        "fiscal_year": "2013/03",
        "sales": 246500.0,
        "operating_profit": 12100.0,
        "ordinary_profit": 13600.0,
        "net_profit": 4330.0,
        "eps": 8860.0,
        "roe": 15.51,
        "roa": 2.31,
        "operating_margin": 1.18,
        "cost_ratio": 4.93,
        "sga_ratio": 92.69
      },
      {
        "fiscal_year": "2014/03",
        "sales": 255400.0,
        "operating_profit": 12400.0,
        "ordinary_profit": 13400.0,
        "net_profit": 7540.000000000001,
        "eps": 9110.0,
        "roe": 31.6,
        "roa": 3.94,
        "operating_margin": 2.01,
        "cost_ratio": 4.85,
        "sga_ratio": 92.72
      },
      {
        "fiscal_year": "2015/03",
        "sales": 253900.0,
        "operating_profit": 12800.0,
        "ordinary_profit": 13900.0,
        "net_profit": 8560.0,
        "eps": 20100.0,
        "roe": 36.31,
        "roa": 4.09,
        "operating_margin": 2.11,
        "cost_ratio": 5.04,
        "sga_ratio": 92.41
      },
      {
        "fiscal_year": "2016/03",
        "sales": 254600.0,
        "operating_profit": 13100.0,
        "ordinary_profit": 14800.0,
        "net_profit": 9920.0,
        "eps": 6870.0,
        "roe": 40.33,
        "roa": 4.55,
        "operating_margin": 2.45,
        "cost_ratio": 5.16,
        "sga_ratio": 91.92
      },
      {
        "fiscal_year": "2017/03",
        "sales": 255700.0,
        "operating_profit": 11000.0,
        "ordinary_profit": 13000.0,
        "net_profit": 9450.0,
        "eps": 12200.0,
        "roe": 38.2,
        "roa": 4.08,
        "operating_margin": 2.27,
        "cost_ratio": 4.32,
        "sga_ratio": 92.47
      },
      {
        "fiscal_year": "2018/03",
        "sales": 267800.0,
        "operating_profit": 14700.0,
        "ordinary_profit": 16100.0,
        "net_profit": 10700.0,
        "eps": 16200.0,
        "roe": 208.84,
        "roa": 4.39,
        "operating_margin": 2.44,
        "cost_ratio": 5.5,
        "sga_ratio": 91.18
      },
      {
        "fiscal_year": "2019/03",
        "sales": 285700.0,
        "operating_profit": 19500.0,
        "ordinary_profit": 21600.0,
        "net_profit": 15000.0,
        "eps": 12400.0,
        "roe": 295.13,
        "roa": 6.01,
        "operating_margin": 3.4,
        "cost_ratio": 6.82,
        "sga_ratio": 90.15
      },
      {
        "fiscal_year": "2020/03",
        "sales": 293000.0,
        "operating_profit": 20500.0,
        "ordinary_profit": 21800.0,
        "net_profit": 12900.0,
        "eps": 9180.0,
        "roe": 259.22,
        "roa": 5.12,
        "operating_margin": 2.88,
        "cost_ratio": 7.01,
        "sga_ratio": 90.09
      },
      {
        "fiscal_year": "2021/03",
        "sales": 285500.0,
        "operating_profit": 21100.0,
        "ordinary_profit": 22500.0,
        "net_profit": 15300.0,
        "eps": 21900.0,
        "roe": 312.75,
        "roa": 5.68,
        "operating_margin": 3.25,
        "cost_ratio": 7.41,
        "sga_ratio": 89.9
      },
      {
        "fiscal_year": "2022/03",
        "sales": 291300.0,
        "operating_profit": 22100.0,
        "ordinary_profit": 23200.0,
        "net_profit": 16800.0,
        "eps": 20300.0,
        "roe": 395.34,
        "roa": 6.64,
        "operating_margin": 3.51,
        "cost_ratio": 7.58,
        "sga_ratio": 89.56
      },
      {
        "fiscal_year": "2023/03",
        "sales": 293400.0,
        "operating_profit": 21400.0,
        "ordinary_profit": 23000.0,
        "net_profit": 20800.0,
        "eps": 16800.0,
        "roe": 513.71,
        "roa": 7.8,
        "operating_margin": 4.36,
        "cost_ratio": 7.29,
        "sga_ratio": 89.84
      },
      {
        "fiscal_year": "2024/03",
        "sales": 287600.0,
        "operating_profit": 10400.0,
        "ordinary_profit": 13000.0,
        "net_profit": 7830.0,
        "eps": 28900.0,
        "roe": 193.55,
        "roa": 2.66,
        "operating_margin": 1.56,
        "cost_ratio": 3.63,
        "sga_ratio": 93.3
      },
      {
        "fiscal_year": "2025/03",
        "sales": 300700.0,
        "operating_profit": 6700.0,
        "ordinary_profit": 9100.0,
        "net_profit": 8000.0,
        "roe": 198.56,
        "roa": 2.79,
        "operating_margin": 1.62,
        "cost_ratio": 2.23
      }
    ],
    "dividend_data": [
      {
        "fiscal_year": "2010/03",
        "total_dividend": 8.0,
        "dividend_yield": 1.71
      },
      {
        "fiscal_year": "2011/03",
        "total_dividend": 9.0,
        "dividend_yield": 2.23
      },
      {
        "fiscal_year": "2012/03",
        "total_dividend": 10.0,
        "dividend_yield": 2.22
      },
      {
        "fiscal_year": "2013/03",
        "total_dividend": 10.0,
        "dividend_yield": 1.87
      }
    ]
  },
  {
    "code": 9076,
    "name": "セイノーホールディングス",
    "annual_data": [
      {
        "date": "2010/03/31",
        "per": 14.6,
        "pbr": 0.47,
        "is_per_red": false,
        "is_pbr_red": false
      },
      {
        "date": "2011/03/31",
        "per": 15.44,
        "pbr": 0.43,
        "is_per_red": false,
        "is_pbr_red": false
      },
      {
        "date": "2012/03/30",
        "per": 9.9,
        "pbr": 0.4,
        "is_per_red": false,
        "is_pbr_red": false
      },
      {
        "date": "2013/03/29",
        "per": 13.91,
        "pbr": 0.52,
        "is_per_red": false,
        "is_pbr_red": false
      },
      {
        "date": "2014/03/31",
        "per": 12.63,
        "pbr": 0.58,
        "is_per_red": false,
        "is_pbr_red": false
      },
      {
        "date": "2015/03/31",
        "per": 17.93,
        "pbr": 0.73,
        "is_per_red": false,
        "is_pbr_red": false
      },
      {
        "date": "2016/03/31",
        "per": 12.78,
        "pbr": 0.66,
        "is_per_red": false,
        "is_pbr_red": false
      },
      {
        "date": "2017/03/31",
        "per": 13.57,
        "pbr": 0.65,
        "is_per_red": false,
        "is_pbr_red": false
      },
      {
        "date": "2018/03/30",
        "per": 19.22,
        "pbr": 0.98,
        "is_per_red": false,
        "is_pbr_red": false
      },
      {
        "date": "2019/03/29",
        "per": 14.07,
        "pbr": 0.72,
        "is_per_red": false,
        "is_pbr_red": false
      },
      {
        "date": "2020/03/31",
        "per": 9.13,
        "pbr": 0.54,
        "is_per_red": false,
        "is_pbr_red": false
      },
      {
        "date": "2021/03/31",
        "per": 17.27,
        "pbr": 0.67,
        "is_per_red": false,
        "is_pbr_red": false
      },
      {
        "date": "2022/03/31",
        "per": 11.78,
        "pbr": 0.47,
        "is_per_red": false,
        "is_pbr_red": false
      },
      {
        "date": "2023/03/31",
        "per": 13.92,
        "pbr": 0.6,
        "is_per_red": false,
        "is_pbr_red": false
      },
      {
        "date": "2024/03/29",
        "per": 25.26,
        "pbr": 0.83,
        "is_per_red": false,
        "is_pbr_red": false
      }
    ],
    "daily_data": [],
    "financial_data": [
      {
        "fiscal_year": "2008/03",
        "sales": 452000.0,
        "operating_profit": 9920.0,
        "ordinary_profit": 16400.0,
        "net_profit": 6020.0,
        "roa": 2.09,
        "operating_margin": 1.31,
        "cost_ratio": 2.2,
        "sga_ratio": 90.84
      },
      {
        "fiscal_year": "2009/03",
        "sales": 433800.0,
        "operating_profit": 3329.9999999999995,
        "ordinary_profit": 10000.0,
        "net_profit": 3390.0,
        "roa": 1.19,
        "operating_margin": 0.77,
        "cost_ratio": 0.77,
        "sga_ratio": 91.71
      },
      {
        "fiscal_year": "2010/03",
        "sales": 485800.0,
        "operating_profit": 6620.0,
        "ordinary_profit": 16000.0,
        "net_profit": 9480.0,
        "roe": 45.63,
        "roa": 3.22,
        "operating_margin": 1.96,
        "cost_ratio": 1.36,
        "sga_ratio": 91.77
      },
      {
        "fiscal_year": "2011/03",
        "sales": 497600.0,
        "operating_profit": 12300.0,
        "ordinary_profit": 20100.0,
        "net_profit": 8450.0,
        "eps": 8440.0,
        "roe": 40.68,
        "roa": 2.81,
        "operating_margin": 1.73,
        "cost_ratio": 2.48,
        "sga_ratio": 90.89
      },
      {
        "fiscal_year": "2012/03",
        "sales": 504300.0,
        "operating_profit": 13900.0,
        "ordinary_profit": 19700.0,
        "net_profit": 12500.0,
        "eps": 13100.0,
        "roe": 60.39,
        "roa": 4.04,
        "operating_margin": 2.5,
        "cost_ratio": 2.75,
        "sga_ratio": 90.73
      },
      {
        "fiscal_year": "2013/03",
        "sales": 516200.0,
        "operating_profit": 14300.0,
        "ordinary_profit": 19500.0,
        "net_profit": 12200.0,
        "eps": 15300.0,
        "roe": 58.5,
        "roa": 3.76,
        "operating_margin": 2.38,
        "cost_ratio": 2.78,
        "sga_ratio": 90.59
      },
      {
        "fiscal_year": "2014/03",
        "sales": 543400.0,
        "operating_profit": 20200.0,
        "ordinary_profit": 25300.0,
        "net_profit": 15500.0,
        "eps": 17800.0,
        "roe": 77.85,
        "roa": 4.59,
        "operating_margin": 2.86,
        "cost_ratio": 3.72,
        "sga_ratio": 90.17
      },
      {
        "fiscal_year": "2015/03",
        "sales": 542500.0,
        "operating_profit": 21400.0,
        "ordinary_profit": 23500.0,
        "net_profit": 14500.0,
        "eps": 19200.0,
        "roe": 72.67,
        "roa": 4.09,
        "operating_margin": 2.64,
        "cost_ratio": 3.94,
        "sga_ratio": 89.9
      },
      {
        "fiscal_year": "2016/03",
        "sales": 555500.0,
        "operating_profit": 26200.0,
        "ordinary_profit": 28300.0,
        "net_profit": 18900.0,
        "eps": 11900.0,
        "roe": 94.88,
        "roa": 5.17,
        "operating_margin": 3.25,
        "cost_ratio": 4.71,
        "sga_ratio": 88.72
      },
      {
        "fiscal_year": "2017/03",
        "sales": 567500.0,
        "operating_profit": 27100.0,
        "ordinary_profit": 28900.0,
        "net_profit": 18200.0,
        "eps": 18700.0,
        "roe": 92.09,
        "roa": 4.85,
        "operating_margin": 3.06,
        "cost_ratio": 4.78,
        "sga_ratio": 88.56
      },
      {
        "fiscal_year": "2018/03",
        "sales": 596100.0,
        "operating_profit": 27900.0,
        "ordinary_profit": 29100.0,
        "net_profit": 20000.0,
        "eps": 24000.0,
        "roe": 101.88,
        "roa": 5.03,
        "operating_margin": 3.19,
        "cost_ratio": 4.68,
        "sga_ratio": 88.77
      },
      {
        "fiscal_year": "2019/03",
        "sales": 618400.0,
        "operating_profit": 31200.0,
        "ordinary_profit": 33600.0,
        "net_profit": 21200.0,
        "eps": 20300.0,
        "roe": 104.85,
        "roa": 5.06,
        "operating_margin": 3.22,
        "cost_ratio": 5.05,
        "sga_ratio": 88.37
      },
      {
        "fiscal_year": "2020/03",
        "sales": 625600.0,
        "operating_profit": 29700.0,
        "ordinary_profit": 31500.0,
        "net_profit": 25800.0,
        "eps": 21700.0,
        "roe": 128.42,
        "roa": 6.07,
        "operating_margin": 3.95,
        "cost_ratio": 4.75,
        "sga_ratio": 88.48
      },
      {
        "fiscal_year": "2021/03",
        "sales": 592000.0,
        "operating_profit": 24600.0,
        "ordinary_profit": 27800.0,
        "net_profit": 16700.0,
        "eps": 22700.0,
        "roe": 89.31,
        "roa": 3.97,
        "operating_margin": 2.48,
        "cost_ratio": 4.15,
        "sga_ratio": 88.82
      },
      {
        "fiscal_year": "2022/03",
        "sales": 607700.0,
        "operating_profit": 27500.0,
        "ordinary_profit": 30300.0,
        "net_profit": 17300.0,
        "eps": 18900.0,
        "roe": 94.59,
        "roa": 4.01,
        "operating_margin": 2.52,
        "cost_ratio": 4.53,
        "sga_ratio": 88.22
      },
      {
        "fiscal_year": "2023/03",
        "sales": 631500.0,
        "operating_profit": 28500.0,
        "ordinary_profit": 32700.0,
        "net_profit": 19000.0,
        "eps": 20200.0,
        "roe": 104.88,
        "roa": 4.27,
        "operating_margin": 2.7,
        "cost_ratio": 4.51,
        "sga_ratio": 87.88
      },
      {
        "fiscal_year": "2024/03",
        "sales": 642800.0,
        "operating_profit": 23400.0,
        "ordinary_profit": 24500.0,
        "net_profit": 14600.0,
        "eps": 30000.0,
        "roe": 83.72,
        "roa": 3.38,
        "operating_margin": 2.11,
        "cost_ratio": 3.64,
        "sga_ratio": 88.55
      },
      {
        "fiscal_year": "2025/03",
        "sales": 731300.0,
        "operating_profit": 33200.0,
        "ordinary_profit": 33900.0,
        "net_profit": 19700.0,
        "roe": 117.08,
        "roa": 4.63,
        "operating_margin": 2.74,
        "cost_ratio": 4.54
      }
    ],
    "dividend_data": [
      {
        "fiscal_year": "2010/03",
        "total_dividend": 11.0,
        "dividend_yield": 1.65
      },
      {
        "fiscal_year": "2011/03",
        "total_dividend": 11.0,
        "dividend_yield": 1.75
      },
      {
        "fiscal_year": "2012/03",
        "total_dividend": 11.0,
        "dividend_yield": 1.84
      },
      {
        "fiscal_year": "2013/03",
        "total_dividend": 11.0,
        "dividend_yield": 1.35
      }
    ]
  },
  {
    "code": 9081,
    "name": "神奈川中央交通",
    "annual_data": [
      {
        "date": "2010/03/31",
        "per": 21.96,
        "pbr": 1.28,
        "is_per_red": false,
        "is_pbr_red": false
      },
      {
        "date": "2011/03/31",
        "per": 18.57,
        "pbr": 1.07,
        "is_per_red": false,
        "is_pbr_red": false
      },
      {
        "date": "2012/03/30",
        "per": 11.9,
        "pbr": 1.04,
        "is_per_red": false,
        "is_pbr_red": false
      },
      {
        "date": "2013/03/29",
        "per": 8.99,
        "pbr": 0.99,
        "is_per_red": false,
        "is_pbr_red": false
      },
      {
        "date": "2014/03/31",
        "per": 9.17,
        "pbr": 0.89,
        "is_per_red": false,
        "is_pbr_red": false
      },
      {
        "date": "2015/03/31",
        "per": 9.74,
        "pbr": 0.85,
        "is_per_red": false,
        "is_pbr_red": false
      },
      {
        "date": "2016/03/31",
        "per": 13.22,
        "pbr": 0.94,
        "is_per_red": false,
        "is_pbr_red": false
      },
      {
        "date": "2017/03/31",
        "per": 11.02,
        "pbr": 0.93,
        "is_per_red": false,
        "is_pbr_red": false
      },
      {
        "date": "2018/03/30",
        "per": 11.17,
        "pbr": 0.92,
        "is_per_red": false,
        "is_pbr_red": false
      },
      {
        "date": "2019/03/29",
        "per": 11.44,
        "pbr": 0.84,
        "is_per_red": false,
        "is_pbr_red": false
      },
      {
        "date": "2020/03/31",
        "per": 23.93,
        "pbr": 0.87,
        "is_per_red": false,
        "is_pbr_red": false
      },
      {
        "date": "2021/03/31",
        "per": -1,
        "pbr": 0.91,
        "is_per_red": true,
        "is_pbr_red": false
      },
      {
        "date": "2022/03/31",
        "per": 23.17,
        "pbr": 0.87,
        "is_per_red": false,
        "is_pbr_red": false
      },
      {
        "date": "2023/03/31",
        "per": 34.82,
        "pbr": 0.83,
        "is_per_red": false,
        "is_pbr_red": false
      },
      {
        "date": "2024/03/29",
        "per": 11.98,
        "pbr": 0.72,
        "is_per_red": false,
        "is_pbr_red": false
      }
    ],
    "daily_data": [],
    "financial_data": [
      {
        "fiscal_year": "2008/03",
        "sales": 124600.0,
        "operating_profit": 4840.0,
        "ordinary_profit": 3829.9999999999995,
        "net_profit": 1420.0,
        "roa": 6.02,
        "operating_margin": 0.96,
        "cost_ratio": 3.89,
        "sga_ratio": 81.8
      },
      {
        "fiscal_year": "2009/03",
        "sales": 114800.0,
        "operating_profit": 4300.0,
        "ordinary_profit": 3560.0,
        "net_profit": 1670.0,
        "roa": 7.23,
        "operating_margin": 1.18,
        "cost_ratio": 3.74,
        "sga_ratio": 81.82
      },
      {
        "fiscal_year": "2010/03",
        "sales": 104700.0,
        "operating_profit": 4690.0,
        "ordinary_profit": 3790.0,
        "net_profit": 1440.0,
        "roe": 22.81,
        "roa": 5.83,
        "operating_margin": 1.02,
        "cost_ratio": 4.47,
        "sga_ratio": 80.86
      },
      {
        "fiscal_year": "2011/03",
        "sales": 105000.0,
        "operating_profit": 4029.9999999999995,
        "ordinary_profit": 3220.0000000000005,
        "net_profit": 1450.0,
        "eps": 861.0,
        "roe": 22.94,
        "roa": 5.77,
        "operating_margin": 1.05,
        "cost_ratio": 3.84,
        "sga_ratio": 82.09
      },
      {
        "fiscal_year": "2012/03",
        "sales": 109200.0,
        "operating_profit": 5240.0,
        "ordinary_profit": 4550.0,
        "net_profit": 2410.0,
        "eps": 3110.0,
        "roe": 38.22,
        "roa": 8.72,
        "operating_margin": 1.77,
        "cost_ratio": 4.8,
        "sga_ratio": 81.48
      },
      {
        "fiscal_year": "2013/03",
        "sales": 110900.0,
        "operating_profit": 6170.0,
        "ordinary_profit": 5660.0,
        "net_profit": 3800.0,
        "eps": 7759.999999999999,
        "roe": 60.29,
        "roa": 10.97,
        "operating_margin": 2.73,
        "cost_ratio": 5.56,
        "sga_ratio": 81.14
      },
      {
        "fiscal_year": "2014/03",
        "sales": 110200.0,
        "operating_profit": 6090.0,
        "ordinary_profit": 5670.0,
        "net_profit": 3500.0,
        "eps": 2030.0,
        "roe": 56.51,
        "roa": 9.67,
        "operating_margin": 2.54,
        "cost_ratio": 5.52,
        "sga_ratio": 81.49
      },
      {
        "fiscal_year": "2015/03",
        "sales": 108600.0,
        "operating_profit": 6590.000000000001,
        "ordinary_profit": 6390.0,
        "net_profit": 3720.0000000000005,
        "eps": 7259.999999999999,
        "roe": 60.28,
        "roa": 8.78,
        "operating_margin": 2.62,
        "cost_ratio": 6.07,
        "sga_ratio": 80.76
      },
      {
        "fiscal_year": "2016/03",
        "sales": 111500.0,
        "operating_profit": 6820.0,
        "ordinary_profit": 6430.0,
        "net_profit": 3130.0,
        "eps": 2150.0,
        "roe": 50.77,
        "roa": 7.11,
        "operating_margin": 2.17,
        "cost_ratio": 6.11,
        "sga_ratio": 81.09
      },
      {
        "fiscal_year": "2017/03",
        "sales": 115500.0,
        "operating_profit": 6809.999999999999,
        "ordinary_profit": 6709.999999999999,
        "net_profit": 3979.9999999999995,
        "eps": 3650.0,
        "roe": 64.49,
        "roa": 8.45,
        "operating_margin": 2.68,
        "cost_ratio": 5.89,
        "sga_ratio": 81.51
      },
      {
        "fiscal_year": "2018/03",
        "sales": 113800.0,
        "operating_profit": 6480.0,
        "ordinary_profit": 6480.0,
        "net_profit": 4240.0,
        "eps": 5170.0,
        "roe": 343.48,
        "roa": 8.22,
        "operating_margin": 2.83,
        "cost_ratio": 5.7,
        "sga_ratio": 81.19
      },
      {
        "fiscal_year": "2019/03",
        "sales": 114800.0,
        "operating_profit": 6609.999999999999,
        "ordinary_profit": 6790.000000000001,
        "net_profit": 4090.0,
        "eps": 4990.0,
        "roe": 332.57,
        "roa": 7.35,
        "operating_margin": 2.67,
        "cost_ratio": 5.75,
        "sga_ratio": 81.23
      },
      {
        "fiscal_year": "2020/03",
        "sales": 112700.0,
        "operating_profit": 5330.0,
        "ordinary_profit": 5470.0,
        "net_profit": 2039.9999999999998,
        "eps": 1019.9999999999999,
        "roe": 166.56,
        "roa": 3.66,
        "operating_margin": 1.31,
        "cost_ratio": 4.73,
        "sga_ratio": 82.06
      },
      {
        "fiscal_year": "2021/03",
        "sales": 90900.0,
        "operating_profit": -5940.0,
        "ordinary_profit": -5350.0,
        "net_profit": -8520.0,
        "eps": -4460.0,
        "roe": -693.94,
        "roa": -1,
        "operating_margin": -1,
        "cost_ratio": -6.53,
        "sga_ratio": 91.71
      },
      {
        "fiscal_year": "2022/03",
        "sales": 97800.0,
        "operating_profit": 1010.0,
        "ordinary_profit": 2590.0,
        "net_profit": 1839.9999999999998,
        "eps": -1450.0,
        "roe": 149.77,
        "roa": 3.77,
        "operating_margin": 1.25,
        "cost_ratio": 1.03,
        "sga_ratio": 85.8
      },
      {
        "fiscal_year": "2023/03",
        "sales": 103900.0,
        "operating_profit": 4320.0,
        "ordinary_profit": 4910.0,
        "net_profit": 1150.0,
        "eps": 213.0,
        "roe": 93.63,
        "roa": 2.38,
        "operating_margin": 0.76,
        "cost_ratio": 4.16,
        "sga_ratio": 82.72
      },
      {
        "fiscal_year": "2024/03",
        "sales": 117100.0,
        "operating_profit": 7520.0,
        "ordinary_profit": 7750.0,
        "net_profit": 3260.0,
        "eps": 6890.000000000001,
        "roe": 265.82,
        "roa": 5.97,
        "operating_margin": 2.05,
        "cost_ratio": 6.42,
        "sga_ratio": 81.77
      },
      {
        "fiscal_year": "2025/03",
        "sales": 116600.0,
        "operating_profit": 6150.0,
        "ordinary_profit": 6270.0,
        "net_profit": 4310.0,
        "roe": 351.22,
        "roa": 7.53,
        "operating_margin": 2.75,
        "cost_ratio": 5.27
      }
    ],
    "dividend_data": [
      {
        "fiscal_year": "2010/03",
        "total_dividend": 5.0,
        "dividend_yield": 1.0
      },
      {
        "fiscal_year": "2011/03",
        "total_dividend": 5.0,
        "dividend_yield": 1.17
      },
      {
        "fiscal_year": "2012/03",
        "total_dividend": 5.0,
        "dividend_yield": 1.1
      },
      {
        "fiscal_year": "2013/03",
        "total_dividend": 5.0,
        "dividend_yield": 0.92
      }
    ]
  },
  {
    "code": 9082,
    "name": "大和自動車交通",
    "annual_data": [
      {
        "date": "2010/03/31",
        "per": 3.39,
        "pbr": 1.16,
        "is_per_red": false,
        "is_pbr_red": false
      },
      {
        "date": "2011/03/31",
        "per": -1,
        "pbr": 0.94,
        "is_per_red": true,
        "is_pbr_red": false
      },
      {
        "date": "2012/03/30",
        "per": 1.13,
        "pbr": 0.59,
        "is_per_red": false,
        "is_pbr_red": false
      },
      {
        "date": "2013/03/29",
        "per": -1,
        "pbr": 1.28,
        "is_per_red": true,
        "is_pbr_red": false
      },
      {
        "date": "2014/03/31",
        "per": 1.04,
        "pbr": 0.53,
        "is_per_red": false,
        "is_pbr_red": false
      },
      {
        "date": "2015/03/31",
        "per": 12.69,
        "pbr": 0.75,
        "is_per_red": false,
        "is_pbr_red": false
      },
      {
        "date": "2016/03/31",
        "per": 5.83,
        "pbr": 0.72,
        "is_per_red": false,
        "is_pbr_red": false
      },
      {
        "date": "2017/03/31",
        "per": 12.05,
        "pbr": 0.56,
        "is_per_red": false,
        "is_pbr_red": false
      },
      {
        "date": "2018/03/30",
        "per": 8.97,
        "pbr": 0.69,
        "is_per_red": false,
        "is_pbr_red": false
      },
      {
        "date": "2019/03/29",
        "per": 17.59,
        "pbr": 0.52,
        "is_per_red": false,
        "is_pbr_red": false
      },
      {
        "date": "2020/03/31",
        "per": 5.6,
        "pbr": 0.4,
        "is_per_red": false,
        "is_pbr_red": false
      },
      {
        "date": "2021/03/31",
        "per": -1,
        "pbr": 0.51,
        "is_per_red": true,
        "is_pbr_red": false
      },
      {
        "date": "2022/03/31",
        "per": 1.88,
        "pbr": 0.37,
        "is_per_red": false,
        "is_pbr_red": false
      },
      {
        "date": "2023/03/31",
        "per": 19.93,
        "pbr": 0.38,
        "is_per_red": false,
        "is_pbr_red": false
      },
      {
        "date": "2024/03/29",
        "per": -1,
        "pbr": 0.47,
        "is_per_red": true,
        "is_pbr_red": false
      }
    ],
    "daily_data": [],
    "financial_data": [
      {
        "fiscal_year": "2008/03",
        "sales": 27000.0,
        "operating_profit": 233.0,
        "ordinary_profit": -153.0,
        "net_profit": -113.99999999999999,
        "roa": -1,
        "operating_margin": -1,
        "cost_ratio": 0.86,
        "sga_ratio": 93.15
      },
      {
        "fiscal_year": "2009/03",
        "sales": 25400.0,
        "operating_profit": -298.0,
        "ordinary_profit": -758.0,
        "net_profit": -395.0,
        "roa": -1,
        "operating_margin": -1,
        "cost_ratio": -1.17,
        "sga_ratio": 94.11
      },
      {
        "fiscal_year": "2010/03",
        "sales": 21500.0,
        "operating_profit": -488.0,
        "ordinary_profit": -1300.0,
        "net_profit": 741.0,
        "roe": 70.57,
        "roa": 34.39,
        "operating_margin": 4.28,
        "cost_ratio": -2.27,
        "sga_ratio": 94.95
      },
      {
        "fiscal_year": "2011/03",
        "sales": 18600.0,
        "operating_profit": 810.0,
        "ordinary_profit": 432.0,
        "net_profit": -313.0,
        "eps": -318.0,
        "roe": -29.81,
        "roa": -1,
        "operating_margin": -1,
        "cost_ratio": 4.35,
        "sga_ratio": 88.74
      },
      {
        "fiscal_year": "2012/03",
        "sales": 17400.0,
        "operating_profit": 747.0,
        "ordinary_profit": 473.00000000000006,
        "net_profit": 1930.0,
        "eps": 1930.0,
        "roe": 183.62,
        "roa": 52.11,
        "operating_margin": 12.07,
        "cost_ratio": 4.28,
        "sga_ratio": 88.21
      },
      {
        "fiscal_year": "2013/03",
        "sales": 17200.0,
        "operating_profit": 723.0,
        "ordinary_profit": 349.0,
        "net_profit": -437.0,
        "eps": -411.00000000000006,
        "roe": -41.62,
        "roa": -1,
        "operating_margin": -1,
        "cost_ratio": 4.2,
        "sga_ratio": 88.96
      },
      {
        "fiscal_year": "2014/03",
        "sales": 17700.0,
        "operating_profit": 447.0,
        "ordinary_profit": 15.0,
        "net_profit": 3340.0,
        "eps": 3379.9999999999995,
        "roe": 335.26,
        "roa": 50.91,
        "operating_margin": 13.71,
        "cost_ratio": 2.52,
        "sga_ratio": 90.6
      },
      {
        "fiscal_year": "2015/03",
        "sales": 17900.0,
        "operating_profit": 880.0000000000001,
        "ordinary_profit": 588.0,
        "net_profit": 428.0,
        "eps": 601.0,
        "roe": 42.95,
        "roa": 5.91,
        "operating_margin": 1.8,
        "cost_ratio": 4.92,
        "sga_ratio": 87.98
      },
      {
        "fiscal_year": "2016/03",
        "sales": 17200.0,
        "operating_profit": 839.0,
        "ordinary_profit": 791.0,
        "net_profit": 992.0,
        "eps": 860.0,
        "roe": 99.56,
        "roa": 12.33,
        "operating_margin": 4.29,
        "cost_ratio": 4.88,
        "sga_ratio": 87.6
      },
      {
        "fiscal_year": "2017/03",
        "sales": 16500.0,
        "operating_profit": 678.0,
        "ordinary_profit": 566.0,
        "net_profit": 361.0,
        "eps": 342.0,
        "roe": 41.82,
        "roa": 4.88,
        "operating_margin": 1.65,
        "cost_ratio": 4.12,
        "sga_ratio": 88.16
      },
      {
        "fiscal_year": "2018/03",
        "sales": 16700.0,
        "operating_profit": 561.0,
        "ordinary_profit": 505.99999999999994,
        "net_profit": 622.0,
        "eps": 660.0,
        "roe": 150.56,
        "roa": 7.75,
        "operating_margin": 2.81,
        "cost_ratio": 3.35,
        "sga_ratio": 88.94
      },
      {
        "fiscal_year": "2019/03",
        "sales": 16900.0,
        "operating_profit": 378.0,
        "ordinary_profit": 360.0,
        "net_profit": 244.0,
        "eps": 215.0,
        "roe": 59.07,
        "roa": 2.97,
        "operating_margin": 1.11,
        "cost_ratio": 2.23,
        "sga_ratio": 90.08
      },
      {
        "fiscal_year": "2020/03",
        "sales": 16000.0,
        "operating_profit": 63.0,
        "ordinary_profit": 87.0,
        "net_profit": 635.0,
        "eps": 599.0,
        "roe": 152.48,
        "roa": 7.2,
        "operating_margin": 2.76,
        "cost_ratio": 0.39,
        "sga_ratio": 91.32
      },
      {
        "fiscal_year": "2021/03",
        "sales": 11500.0,
        "operating_profit": -3540.0,
        "ordinary_profit": -2090.0,
        "net_profit": -1620.0,
        "eps": -1450.0,
        "roe": -385.41,
        "roa": -1,
        "operating_margin": -1,
        "cost_ratio": -30.73,
        "sga_ratio": 117.51
      },
      {
        "fiscal_year": "2022/03",
        "sales": 15300.0,
        "operating_profit": -1230.0,
        "ordinary_profit": -27.0,
        "net_profit": 1820.0,
        "eps": 1830.0,
        "roe": 425.84,
        "roa": 19.65,
        "operating_margin": 6.03,
        "cost_ratio": -8.08,
        "sga_ratio": 96.76
      },
      {
        "fiscal_year": "2023/03",
        "sales": 17800.0,
        "operating_profit": 80.0,
        "ordinary_profit": 196.0,
        "net_profit": 177.0,
        "eps": 174.0,
        "roe": 41.29,
        "roa": 1.88,
        "operating_margin": 0.61,
        "cost_ratio": 0.45,
        "sga_ratio": 90.3
      },
      {
        "fiscal_year": "2024/03",
        "sales": 18400.0,
        "operating_profit": -466.0,
        "ordinary_profit": -332.0,
        "net_profit": -453.0,
        "eps": -293.0,
        "roe": -103.53,
        "roa": -1,
        "operating_margin": -1,
        "cost_ratio": -2.54,
        "sga_ratio": 91.89
      },
      {
        "fiscal_year": "2025/03",
        "sales": 19100.0,
        "operating_profit": -100.0,
        "ordinary_profit": -50.0,
        "net_profit": 30.0,
        "roe": 6.66,
        "roa": 0.33,
        "operating_margin": 0.1,
        "cost_ratio": -0.52
      }
    ],
    "dividend_data": [
      {
        "fiscal_year": "2010/03",
        "total_dividend": 3.0,
        "dividend_yield": 1.26
      },
      {
        "fiscal_year": "2011/03",
        "total_dividend": 3.0,
        "dividend_yield": 1.85
      },
      {
        "fiscal_year": "2012/03",
        "total_dividend": 3.0,
        "dividend_yield": 1.44
      },
      {
        "fiscal_year": "2013/03",
        "total_dividend": 3.0,
        "dividend_yield": 0.76
      }
    ]
  },
  {
    "code": 9083,
    "name": "神姫バス",
    "annual_data": [
      {
        "date": "2010/03/31",
        "per": 13.41,
        "pbr": 0.64,
        "is_per_red": false,
        "is_pbr_red": false
      },
      {
        "date": "2011/03/31",
        "per": 13.63,
        "pbr": 0.6,
        "is_per_red": false,
        "is_pbr_red": false
      },
      {
        "date": "2012/03/30",
        "per": 16.0,
        "pbr": 0.59,
        "is_per_red": false,
        "is_pbr_red": false
      },
      {
        "date": "2013/03/28",
        "per": 12.77,
        "pbr": 0.56,
        "is_per_red": false,
        "is_pbr_red": false
      },
      {
        "date": "2014/03/31",
        "per": 12.7,
        "pbr": 0.56,
        "is_per_red": false,
        "is_pbr_red": false
      },
      {
        "date": "2015/03/31",
        "per": 13.19,
        "pbr": 0.57,
        "is_per_red": false,
        "is_pbr_red": false
      },
      {
        "date": "2016/03/28",
        "per": 10.17,
        "pbr": 0.56,
        "is_per_red": false,
        "is_pbr_red": false
      },
      {
        "date": "2017/03/28",
        "per": 10.73,
        "pbr": 0.53,
        "is_per_red": false,
        "is_pbr_red": false
      },
      {
        "date": "2018/03/28",
        "per": 15.45,
        "pbr": 0.58,
        "is_per_red": false,
        "is_pbr_red": false
      },
      {
        "date": "2019/03/29",
        "per": 12.07,
        "pbr": 0.49,
        "is_per_red": false,
        "is_pbr_red": false
      },
      {
        "date": "2020/03/31",
        "per": 20.29,
        "pbr": 0.47,
        "is_per_red": false,
        "is_pbr_red": false
      },
      {
        "date": "2021/03/31",
        "per": -1,
        "pbr": 0.47,
        "is_per_red": true,
        "is_pbr_red": false
      },
      {
        "date": "2022/03/31",
        "per": 9.16,
        "pbr": 0.46,
        "is_per_red": false,
        "is_pbr_red": false
      },
      {
        "date": "2023/03/31",
        "per": 11.87,
        "pbr": 0.47,
        "is_per_red": false,
        "is_pbr_red": false
      },
      {
        "date": "2024/03/29",
        "per": 9.11,
        "pbr": 0.43,
        "is_per_red": false,
        "is_pbr_red": false
      }
    ],
    "daily_data": [],
    "financial_data": [
      {
        "fiscal_year": "2008/03",
        "sales": 40300.0,
        "operating_profit": 1410.0,
        "ordinary_profit": 1350.0,
        "net_profit": 1140.0,
        "roa": 4.24,
        "operating_margin": 2.75,
        "cost_ratio": 3.49,
        "sga_ratio": 74.83
      },
      {
        "fiscal_year": "2009/03",
        "sales": 39800.0,
        "operating_profit": 1330.0,
        "ordinary_profit": 1470.0,
        "net_profit": 1450.0,
        "roa": 5.17,
        "operating_margin": 3.39,
        "cost_ratio": 3.35,
        "sga_ratio": 75.12
      },
      {
        "fiscal_year": "2010/03",
        "sales": 39500.0,
        "operating_profit": 1280.0,
        "ordinary_profit": 1390.0,
        "net_profit": 1390.0,
        "roe": 45.11,
        "roa": 4.76,
        "operating_margin": 3.11,
        "cost_ratio": 3.25,
        "sga_ratio": 74.87
      },
      {
        "fiscal_year": "2011/03",
        "sales": 40100.0,
        "operating_profit": 1090.0,
        "ordinary_profit": 1230.0,
        "net_profit": 1330.0,
        "eps": 1130.0,
        "roe": 43.0,
        "roa": 4.39,
        "operating_margin": 2.97,
        "cost_ratio": 2.72,
        "sga_ratio": 75.33
      },
      {
        "fiscal_year": "2012/03",
        "sales": 41200.0,
        "operating_profit": 981.0,
        "ordinary_profit": 2400.0,
        "net_profit": 1160.0,
        "eps": 1240.0,
        "roe": 37.43,
        "roa": 3.69,
        "operating_margin": 2.49,
        "cost_ratio": 2.38,
        "sga_ratio": 72.68
      },
      {
        "fiscal_year": "2013/03",
        "sales": 41700.0,
        "operating_profit": 1019.9999999999999,
        "ordinary_profit": 2440.0,
        "net_profit": 1450.0,
        "eps": 1750.0,
        "roe": 47.05,
        "roa": 4.41,
        "operating_margin": 3.04,
        "cost_ratio": 2.43,
        "sga_ratio": 72.67
      },
      {
        "fiscal_year": "2014/03",
        "sales": 43700.0,
        "operating_profit": 1030.0,
        "ordinary_profit": 2650.0,
        "net_profit": 1530.0,
        "eps": 1770.0,
        "roe": 50.88,
        "roa": 4.41,
        "operating_margin": 3.01,
        "cost_ratio": 2.35,
        "sga_ratio": 72.53
      },
      {
        "fiscal_year": "2015/03",
        "sales": 41300.0,
        "operating_profit": 2170.0,
        "ordinary_profit": 2330.0,
        "net_profit": 1570.0,
        "eps": 2050.0,
        "roe": 52.23,
        "roa": 4.31,
        "operating_margin": 3.0,
        "cost_ratio": 5.25,
        "sga_ratio": 71.47
      },
      {
        "fiscal_year": "2016/03",
        "sales": 43900.0,
        "operating_profit": 3100.0,
        "ordinary_profit": 3279.9999999999995,
        "net_profit": 2130.0,
        "eps": 2160.0,
        "roe": 70.79,
        "roa": 5.54,
        "operating_margin": 3.92,
        "cost_ratio": 7.06,
        "sga_ratio": 69.23
      },
      {
        "fiscal_year": "2017/03",
        "sales": 44500.0,
        "operating_profit": 2790.0,
        "ordinary_profit": 3030.0,
        "net_profit": 1989.9999999999998,
        "eps": 2100.0,
        "roe": 66.09,
        "roa": 4.91,
        "operating_margin": 3.58,
        "cost_ratio": 6.27,
        "sga_ratio": 69.53
      },
      {
        "fiscal_year": "2018/03",
        "sales": 44600.0,
        "operating_profit": 2600.0,
        "ordinary_profit": 2820.0,
        "net_profit": 1580.0,
        "eps": 1689.9999999999998,
        "roe": 262.12,
        "roa": 3.75,
        "operating_margin": 2.75,
        "cost_ratio": 5.84,
        "sga_ratio": 70.4
      },
      {
        "fiscal_year": "2019/03",
        "sales": 45900.0,
        "operating_profit": 2330.0,
        "ordinary_profit": 2570.0,
        "net_profit": 1750.0,
        "eps": 1040.0,
        "roe": 290.41,
        "roa": 4.08,
        "operating_margin": 3.09,
        "cost_ratio": 5.07,
        "sga_ratio": 71.52
      },
      {
        "fiscal_year": "2020/03",
        "sales": 45100.0,
        "operating_profit": 2039.9999999999998,
        "ordinary_profit": 2220.0,
        "net_profit": 993.0,
        "eps": 455.0,
        "roe": 164.89,
        "roa": 2.3,
        "operating_margin": 1.76,
        "cost_ratio": 4.53,
        "sga_ratio": 72.79
      },
      {
        "fiscal_year": "2021/03",
        "sales": 35700.0,
        "operating_profit": -2270.0,
        "ordinary_profit": -1310.0,
        "net_profit": -2170.0,
        "eps": -1980.0,
        "roe": -359.86,
        "roa": -1,
        "operating_margin": -1,
        "cost_ratio": -6.35,
        "sga_ratio": 81.95
      },
      {
        "fiscal_year": "2022/03",
        "sales": 38800.0,
        "operating_profit": 300.0,
        "ordinary_profit": 1080.0,
        "net_profit": 2140.0,
        "eps": 2120.0,
        "roe": 354.89,
        "roa": 4.97,
        "operating_margin": 3.63,
        "cost_ratio": 0.77,
        "sga_ratio": 77.68
      },
      {
        "fiscal_year": "2023/03",
        "sales": 44800.0,
        "operating_profit": 2360.0,
        "ordinary_profit": 2620.0,
        "net_profit": 1770.0,
        "eps": 2100.0,
        "roe": 293.29,
        "roa": 3.93,
        "operating_margin": 2.91,
        "cost_ratio": 5.27,
        "sga_ratio": 78.57
      },
      {
        "fiscal_year": "2024/03",
        "sales": 49500.0,
        "operating_profit": 3150.0,
        "ordinary_profit": 3279.9999999999995,
        "net_profit": 2250.0,
        "eps": 2680.0,
        "roe": 373.65,
        "roa": 4.75,
        "operating_margin": 3.57,
        "cost_ratio": 6.36,
        "sga_ratio": 76.97
      },
      {
        "fiscal_year": "2025/03",
        "sales": 52900.0,
        "operating_profit": 3200.0,
        "ordinary_profit": 3379.9999999999995,
        "net_profit": 2260.0,
        "roe": 374.71,
        "roa": 4.76,
        "operating_margin": 3.59,
        "cost_ratio": 6.05
      }
    ],
    "dividend_data": [
      {
        "fiscal_year": "2010/03",
        "total_dividend": 5.0,
        "dividend_yield": 0.83
      },
      {
        "fiscal_year": "2011/03",
        "total_dividend": 5.0,
        "dividend_yield": 0.85
      },
      {
        "fiscal_year": "2012/03",
        "total_dividend": 5.0,
        "dividend_yield": 0.83
      },
      {
        "fiscal_year": "2013/03",
        "total_dividend": 5.0,
        "dividend_yield": 0.83
      },
      {
        "fiscal_year": "2021/03",
        "total_dividend": 17.5,
        "dividend_yield": 0.55
      }
    ]
  },
  {
    "code": 9087,
    "name": "タカセ",
    "annual_data": [
      {
        "date": "2010/03/31",
        "per": 12.38,
        "pbr": 0.31,
        "is_per_red": false,
        "is_pbr_red": false
      },
      {
        "date": "2011/03/31",
        "per": 21.81,
        "pbr": 0.31,
        "is_per_red": false,
        "is_pbr_red": false
      },
      {
        "date": "2012/03/29",
        "per": -1,
        "pbr": 0.31,
        "is_per_red": true,
        "is_pbr_red": false
      },
      {
        "date": "2013/03/29",
        "per": 23.29,
        "pbr": 0.39,
        "is_per_red": false,
        "is_pbr_red": false
      },
      {
        "date": "2014/03/26",
        "per": -1,
        "pbr": 0.37,
        "is_per_red": true,
        "is_pbr_red": false
      },
      {
        "date": "2015/03/31",
        "per": 121.8,
        "pbr": 0.39,
        "is_per_red": false,
        "is_pbr_red": false
      },
      {
        "date": "2016/03/31",
        "per": -1,
        "pbr": 0.3,
        "is_per_red": true,
        "is_pbr_red": false
      },
      {
        "date": "2017/03/31",
        "per": -1,
        "pbr": 0.32,
        "is_per_red": true,
        "is_pbr_red": false
      },
      {
        "date": "2018/03/30",
        "per": 27.81,
        "pbr": 0.32,
        "is_per_red": false,
        "is_pbr_red": false
      },
      {
        "date": "2019/03/26",
        "per": 8.97,
        "pbr": 0.31,
        "is_per_red": false,
        "is_pbr_red": false
      },
      {
        "date": "2020/03/27",
        "per": 17.16,
        "pbr": 0.27,
        "is_per_red": false,
        "is_pbr_red": false
      },
      {
        "date": "2021/03/31",
        "per": 25.67,
        "pbr": 0.33,
        "is_per_red": false,
        "is_pbr_red": false
      },
      {
        "date": "2022/03/31",
        "per": 7.47,
        "pbr": 0.3,
        "is_per_red": false,
        "is_pbr_red": false
      },
      {
        "date": "2023/03/31",
        "per": 8.94,
        "pbr": 0.36,
        "is_per_red": false,
        "is_pbr_red": false
      },
      {
        "date": "2024/03/29",
        "per": 9.14,
        "pbr": 0.39,
        "is_per_red": false,
        "is_pbr_red": false
      }
    ],
    "daily_data": [],
    "financial_data": [],
    "dividend_data": [
      {
        "fiscal_year": "2010/03",
        "total_dividend": 5.25,
        "dividend_yield": 4.65
      },
      {
        "fiscal_year": "2011/03",
        "total_dividend": 5.25,
        "dividend_yield": 4.69
      },
      {
        "fiscal_year": "2012/03",
        "total_dividend": 5.25,
        "dividend_yield": 5.17
      },
      {
        "fiscal_year": "2013/03",
        "total_dividend": 5.25,
        "dividend_yield": 4.12
      }
    ]
  },
  {
    "code": 9090,
    "name": "ＡＺ－ＣＯＭ丸和ホールディングス",
    "annual_data": [
      {
        "date": "2015/03/31",
        "per": 11.42,
        "pbr": 1.56,
        "is_per_red": false,
        "is_pbr_red": false
      },
      {
        "date": "2016/03/31",
        "per": 16.05,
        "pbr": 2.61,
        "is_per_red": false,
        "is_pbr_red": false
      },
      {
        "date": "2017/03/31",
        "per": 13.31,
        "pbr": 2.28,
        "is_per_red": false,
        "is_pbr_red": false
      },
      {
        "date": "2018/03/30",
        "per": 33.31,
        "pbr": 4.92,
        "is_per_red": false,
        "is_pbr_red": false
      },
      {
        "date": "2019/03/29",
        "per": 31.14,
        "pbr": 5.28,
        "is_per_red": false,
        "is_pbr_red": false
      },
      {
        "date": "2020/03/31",
        "per": 32.54,
        "pbr": 5.94,
        "is_per_red": false,
        "is_pbr_red": false
      },
      {
        "date": "2021/03/31",
        "per": 44.24,
        "pbr": 9.43,
        "is_per_red": false,
        "is_pbr_red": false
      },
      {
        "date": "2022/03/31",
        "per": 23.05,
        "pbr": 4.88,
        "is_per_red": false,
        "is_pbr_red": false
      },
      {
        "date": "2023/03/31",
        "per": 32.17,
        "pbr": 6.97,
        "is_per_red": false,
        "is_pbr_red": false
      },
      {
        "date": "2024/03/29",
        "per": 19.05,
        "pbr": 3.3,
        "is_per_red": false,
        "is_pbr_red": false
      }
    ],
    "daily_data": [],
    "financial_data": [
      {
        "fiscal_year": "2010/03",
        "sales": 24600.0,
        "ordinary_profit": 1680.0,
        "net_profit": 1040.0,
        "roe": 10.73,
        "operating_margin": 5.61
      },
      {
        "fiscal_year": "2011/03",
        "sales": 26400.0,
        "ordinary_profit": 1980.0,
        "net_profit": 1530.0,
        "roe": 15.78
      },
      {
        "fiscal_year": "2012/03",
        "sales": 46200.0,
        "operating_profit": 3100.0,
        "ordinary_profit": 2950.0,
        "net_profit": 1639.9999999999998,
        "eps": 1650.0,
        "roe": 16.95,
        "roa": 25.62,
        "operating_margin": 5.33,
        "cost_ratio": 6.72,
        "sga_ratio": 86.63
      },
      {
        "fiscal_year": "2013/03",
        "sales": 48300.0,
        "operating_profit": 3320.0000000000005,
        "ordinary_profit": 3240.0,
        "net_profit": 1850.0,
        "eps": 1920.0,
        "roe": 18.49,
        "roa": 22.33,
        "operating_margin": 5.92,
        "cost_ratio": 6.88,
        "sga_ratio": 87.25
      },
      {
        "fiscal_year": "2014/03",
        "sales": 51500.0,
        "operating_profit": 2770.0,
        "ordinary_profit": 2780.0,
        "net_profit": 1580.0,
        "eps": 1610.0000000000002,
        "roe": 15.77,
        "roa": 16.77,
        "operating_margin": 5.01,
        "cost_ratio": 5.38,
        "sga_ratio": 88.84
      },
      {
        "fiscal_year": "2015/03",
        "sales": 54000.0,
        "operating_profit": 2920.0,
        "ordinary_profit": 3060.0,
        "net_profit": 1780.0,
        "eps": 1900.0,
        "roe": 14.89,
        "roa": 12.75,
        "operating_margin": 5.16,
        "cost_ratio": 5.41,
        "sga_ratio": 88.89
      },
      {
        "fiscal_year": "2016/03",
        "sales": 60400.0,
        "operating_profit": 3879.9999999999995,
        "ordinary_profit": 3890.0,
        "net_profit": 2580.0,
        "eps": 2650.0,
        "roe": 20.12,
        "roa": 16.25,
        "operating_margin": 7.63,
        "cost_ratio": 6.43,
        "sga_ratio": 88.21
      },
      {
        "fiscal_year": "2017/03",
        "sales": 67200.0,
        "operating_profit": 4400.0,
        "ordinary_profit": 4610.0,
        "net_profit": 3080.0,
        "eps": 3190.0,
        "roe": 24.04,
        "roa": 17.17,
        "operating_margin": 8.4,
        "cost_ratio": 6.55,
        "sga_ratio": 88.77
      },
      {
        "fiscal_year": "2018/03",
        "sales": 74400.0,
        "operating_profit": 4510.0,
        "ordinary_profit": 4750.0,
        "net_profit": 3040.0,
        "eps": 3690.0,
        "roe": 23.78,
        "roa": 14.76,
        "operating_margin": 7.72,
        "cost_ratio": 6.06,
        "sga_ratio": 89.56
      },
      {
        "fiscal_year": "2019/03",
        "sales": 85600.0,
        "operating_profit": 5810.0,
        "ordinary_profit": 6050.0,
        "net_profit": 3900.0,
        "eps": 3500.0,
        "roe": 30.44,
        "roa": 16.94,
        "operating_margin": 8.57,
        "cost_ratio": 6.79,
        "sga_ratio": 88.77
      },
      {
        "fiscal_year": "2020/03",
        "sales": 98300.0,
        "operating_profit": 7190.000000000001,
        "ordinary_profit": 7390.000000000001,
        "net_profit": 4820.0,
        "eps": 5080.0,
        "roe": 37.58,
        "roa": 18.3,
        "operating_margin": 9.95,
        "cost_ratio": 7.31,
        "sga_ratio": 88.04
      },
      {
        "fiscal_year": "2021/03",
        "sales": 112100.0,
        "operating_profit": 8020.0,
        "ordinary_profit": 8260.0,
        "net_profit": 5540.0,
        "eps": 6270.0,
        "roe": 43.6,
        "roa": 21.53,
        "operating_margin": 7.56,
        "cost_ratio": 7.15,
        "sga_ratio": 88.08
      },
      {
        "fiscal_year": "2022/03",
        "sales": 133000.0,
        "operating_profit": 8650.0,
        "ordinary_profit": 9140.0,
        "net_profit": 6130.0,
        "eps": 5620.0,
        "roe": 48.72,
        "roa": 21.16,
        "operating_margin": 6.93,
        "cost_ratio": 6.5,
        "sga_ratio": 89.17
      },
      {
        "fiscal_year": "2023/03",
        "sales": 177800.0,
        "operating_profit": 11400.0,
        "ordinary_profit": 11900.0,
        "net_profit": 7780.0,
        "eps": 9930.0,
        "roe": 61.85,
        "roa": 21.66,
        "operating_margin": 6.94,
        "cost_ratio": 6.39,
        "sga_ratio": 88.92
      },
      {
        "fiscal_year": "2024/03",
        "sales": 198600.0,
        "operating_profit": 13800.0,
        "ordinary_profit": 14500.0,
        "net_profit": 9120.0,
        "eps": 10000.0,
        "roe": 70.88,
        "roa": 16.55,
        "operating_margin": 6.78,
        "cost_ratio": 6.97,
        "sga_ratio": 88.27
      },
      {
        "fiscal_year": "2025/03",
        "sales": 207000.0,
        "operating_profit": 11200.0,
        "ordinary_profit": 11700.0,
        "net_profit": 7700.0,
        "roe": 57.18,
        "roa": 13.79,
        "operating_margin": 5.82,
        "cost_ratio": 5.41
      }
    ],
    "dividend_data": [
      {
        "fiscal_year": "2010/03",
        "total_dividend": 90.0,
        "dividend_yield": 2.81
      },
      {
        "fiscal_year": "2011/03",
        "total_dividend": 385.0,
        "dividend_yield": 12.03
      },
      {
        "fiscal_year": "2012/03",
        "total_dividend": 435.0,
        "dividend_yield": 13.59
      },
      {
        "fiscal_year": "2013/03",
        "total_dividend": 100.0,
        "dividend_yield": 3.13
      },
      {
        "fiscal_year": "2014/03",
        "total_dividend": 100.0,
        "dividend_yield": 3.13
      }
    ]
  },
  {
    "code": 9142,
    "name": "九州旅客鉄道",
    "annual_data": [
      {
        "date": "2017/03/31",
        "per": 12.25,
        "pbr": 1.6,
        "is_per_red": false,
        "is_pbr_red": false
      },
      {
        "date": "2018/03/30",
        "per": 10.51,
        "pbr": 1.4,
        "is_per_red": false,
        "is_pbr_red": false
      },
      {
        "date": "2019/03/29",
        "per": 11.83,
        "pbr": 1.4,
        "is_per_red": false,
        "is_pbr_red": false
      },
      {
        "date": "2020/03/31",
        "per": 15.64,
        "pbr": 1.18,
        "is_per_red": false,
        "is_pbr_red": false
      },
      {
        "date": "2021/03/31",
        "per": -1,
        "pbr": 1.04,
        "is_per_red": true,
        "is_pbr_red": false
      },
      {
        "date": "2022/03/31",
        "per": 29.73,
        "pbr": 1.01,
        "is_per_red": false,
        "is_pbr_red": false
      },
      {
        "date": "2023/03/31",
        "per": 14.87,
        "pbr": 1.14,
        "is_per_red": false,
        "is_pbr_red": false
      },
      {
        "date": "2024/03/29",
        "per": 14.48,
        "pbr": 1.26,
        "is_per_red": false,
        "is_pbr_red": false
      }
    ],
    "daily_data": [],
    "financial_data": [],
    "dividend_data": [
      {
        "fiscal_year": "2016/03",
        "total_dividend": 0.0,
        "dividend_yield": 0.0
      }
    ]
  },
  {
    "code": 9143,
    "name": "ＳＧホールディングス",
    "annual_data": [
      {
        "date": "2018/03/30",
        "per": 20.14,
        "pbr": 2.24,
        "is_per_red": false,
        "is_pbr_red": false
      },
      {
        "date": "2019/03/29",
        "per": 23.57,
        "pbr": 2.88,
        "is_per_red": false,
        "is_pbr_red": false
      },
      {
        "date": "2020/03/31",
        "per": 17.29,
        "pbr": 2.13,
        "is_per_red": false,
        "is_pbr_red": false
      },
      {
        "date": "2021/03/31",
        "per": 21.68,
        "pbr": 4.05,
        "is_per_red": false,
        "is_pbr_red": false
      },
      {
        "date": "2022/03/31",
        "per": 13.76,
        "pbr": 2.96,
        "is_per_red": false,
        "is_pbr_red": false
      },
      {
        "date": "2023/03/31",
        "per": 9.82,
        "pbr": 2.23,
        "is_per_red": false,
        "is_pbr_red": false
      },
      {
        "date": "2024/03/29",
        "per": 20.47,
        "pbr": 2.06,
        "is_per_red": false,
        "is_pbr_red": false
      }
    ],
    "daily_data": [],
    "financial_data": [],
    "dividend_data": [
      {
        "fiscal_year": "2013/03",
        "total_dividend": 21.0,
        "dividend_yield": 3.5
      },
      {
        "fiscal_year": "2014/03",
        "total_dividend": 23.0,
        "dividend_yield": 3.83
      },
      {
        "fiscal_year": "2015/03",
        "total_dividend": 26.0,
        "dividend_yield": 4.33
      },
      {
        "fiscal_year": "2016/03",
        "total_dividend": 30.0,
        "dividend_yield": 5.0
      },
      {
        "fiscal_year": "2017/03",
        "total_dividend": 36.0,
        "dividend_yield": 6.0
      }
    ]
  },
  {
    "code": 9145,
    "name": "ビーイングホールディングス",
    "annual_data": [
      {
        "date": "2020/12/30",
        "per": 14.73,
        "pbr": 2.55,
        "is_per_red": false,
        "is_pbr_red": false
      },
      {
        "date": "2021/12/30",
        "per": 14.66,
        "pbr": 3.05,
        "is_per_red": false,
        "is_pbr_red": false
      },
      {
        "date": "2022/12/30",
        "per": 11.98,
        "pbr": 2.15,
        "is_per_red": false,
        "is_pbr_red": false
      },
      {
        "date": "2023/12/29",
        "per": 15.74,
        "pbr": 3.02,
        "is_per_red": false,
        "is_pbr_red": false
      }
    ],
    "daily_data": [],
    "financial_data": [],
    "dividend_data": [
      {
        "fiscal_year": "2015/03",
        "total_dividend": 4.0
      },
      {
        "fiscal_year": "2017/03",
        "total_dividend": 10.0
      },
      {
        "fiscal_year": "2018/03",
        "total_dividend": 10.0
      },
      {
        "fiscal_year": "2019/03",
        "total_dividend": 10.0
      },
      {
        "fiscal_year": "2020/03",
        "total_dividend": 20.0,
        "dividend_yield": 1.32
      }
    ]
  },
  {
    "code": 9147,
    "name": "ＮＩＰＰＯＮ　ＥＸＰＲＥＳＳホールディングス",
    "annual_data": [
      {
        "date": "2022/12/30",
        "per": 6.27,
        "pbr": 0.8,
        "is_per_red": false,
        "is_pbr_red": false
      },
      {
        "date": "2023/12/29",
        "per": 19.15,
        "pbr": 0.88,
        "is_per_red": false,
        "is_pbr_red": false
      }
    ],
    "daily_data": [],
    "financial_data": [
      {
        "fiscal_year": "2022/12",
        "sales": 2620000.0,
        "operating_profit": 155500.0,
        "ordinary_profit": 137300.0,
        "net_profit": 108300.0,
        "eps": 162200.0,
        "roe": 1202.33,
        "roa": 12.93,
        "operating_margin": 5.22,
        "cost_ratio": 5.94,
        "sga_ratio": 89.47
      },
      {
        "fiscal_year": "2023/12",
        "sales": 2240000.0,
        "operating_profit": 60100.0,
        "net_profit": 37100.0,
        "eps": 79800.0,
        "roe": 418.57,
        "roa": 4.63,
        "operating_margin": 1.76,
        "cost_ratio": 2.68,
        "sga_ratio": 89.84
      },
      {
        "fiscal_year": "2024/12",
        "sales": 2570000.0,
        "operating_profit": 65000.0,
        "net_profit": 40000.0,
        "roe": 459.77,
        "roa": 5.04,
        "operating_margin": 1.82,
        "cost_ratio": 2.53
      }
    ],
    "dividend_data": []
  }
]