[
  {
    "code": "176A",
    "name": "レジル",
    "annual_data": [
      {
        "date": "2024/06/28",
        "per": 15.3,
        "pbr": 3.74,
        "is_per_red": false,
        "is_pbr_red": false
      }
    ],
    "daily_data": [],
    "financial_data": [
      {
        "fiscal_year": "2019/03",
        "sales": 24100.0,
        "ordinary_profit": 1300.0,
        "net_profit": 980.0000000000001,
        "roe": 53.86,
        "operating_margin": 6.56
      },
      {
        "fiscal_year": "2020/03",
        "sales": 28400.0,
        "ordinary_profit": 1750.0,
        "net_profit": 1580.0,
        "roe": 86.65,
        "operating_margin": 9.9
      },
      {
        "fiscal_year": "2021/03",
        "sales": 29200.0,
        "ordinary_profit": 2510.0,
        "net_profit": 1750.0,
        "roe": 96.32
      },
      {
        "fiscal_year": "2022/03",
        "sales": 31000.0,
        "operating_profit": 1850.0,
        "ordinary_profit": 1710.0000000000002,
        "net_profit": 1520.0,
        "eps": 1520.0,
        "roe": 83.5,
        "roa": 28.82,
        "operating_margin": 9.89,
        "cost_ratio": 5.97,
        "sga_ratio": 84.37
      },
      {
        "fiscal_year": "2023/06",
        "sales": 48900.0,
        "operating_profit": 1639.9999999999998,
        "ordinary_profit": 1970.0,
        "net_profit": 1340.0,
        "eps": 1340.0,
        "roe": 73.92,
        "roa": 21.7,
        "operating_margin": 9.0,
        "cost_ratio": 3.35,
        "sga_ratio": 87.66
      },
      {
        "fiscal_year": "2024/06",
        "sales": 38700.0,
        "operating_profit": 2790.0,
        "ordinary_profit": 2770.0,
        "net_profit": 1989.9999999999998,
        "eps": 1989.9999999999998,
        "roe": 108.85,
        "roa": 23.93,
        "operating_margin": 11.34,
        "cost_ratio": 7.22,
        "sga_ratio": 80.66
      },
      {
        "fiscal_year": "2025/06",
        "sales": 44000.0,
        "operating_profit": 3130.0,
        "ordinary_profit": 3080.0,
        "net_profit": 2200.0,
        "roe": 117.77,
        "roa": 25.73,
        "operating_margin": 12.6,
        "cost_ratio": 7.11
      }
    ],
    "dividend_data": [
      {
        "fiscal_year": "2019/03",
        "total_dividend": 2000.0,
        "dividend_yield": 40.0
      },
      {
        "fiscal_year": "2020/03",
        "total_dividend": 3000.0,
        "dividend_yield": 60.0
      },
      {
        "fiscal_year": "2021/03",
        "total_dividend": 2300.0,
        "dividend_yield": 46.0
      },
      {
        "fiscal_year": "2022/03",
        "total_dividend": 46.0,
        "dividend_yield": 0.92
      },
      {
        "fiscal_year": "2023/03",
        "total_dividend": 22.0,
        "dividend_yield": 0.44
      }
    ]
  },
  {
    "code": "3150",
    "name": "グリムス",
    "annual_data": [
      {
        "date": "2010/03/31",
        "per": 8.54,
        "pbr": 2.11,
        "is_per_red": false,
        "is_pbr_red": false
      },
      {
        "date": "2011/03/31",
        "per": 6.07,
        "pbr": 1.26,
        "is_per_red": false,
        "is_pbr_red": false
      },
      {
        "date": "2012/03/30",
        "per": 25.78,
        "pbr": 1.76,
        "is_per_red": false,
        "is_pbr_red": false
      },
      {
        "date": "2013/03/29",
        "per": 11.17,
        "pbr": 1.79,
        "is_per_red": false,
        "is_pbr_red": false
      },
      {
        "date": "2014/03/31",
        "per": 24.87,
        "pbr": 2.52,
        "is_per_red": false,
        "is_pbr_red": false
      },
      {
        "date": "2015/03/31",
        "per": 14.11,
        "pbr": 1.36,
        "is_per_red": false,
        "is_pbr_red": false
      },
      {
        "date": "2016/03/31",
        "per": 9.75,
        "pbr": 1.59,
        "is_per_red": false,
        "is_pbr_red": false
      },
      {
        "date": "2017/03/31",
        "per": 10.76,
        "pbr": 1.88,
        "is_per_red": false,
        "is_pbr_red": false
      },
      {
        "date": "2018/03/30",
        "per": 21.26,
        "pbr": 4.31,
        "is_per_red": false,
        "is_pbr_red": false
      },
      {
        "date": "2019/03/29",
        "per": 19.38,
        "pbr": 4.94,
        "is_per_red": false,
        "is_pbr_red": false
      },
      {
        "date": "2020/03/31",
        "per": 15.21,
        "pbr": 4.4,
        "is_per_red": false,
        "is_pbr_red": false
      },
      {
        "date": "2021/03/31",
        "per": 38.46,
        "pbr": 7.21,
        "is_per_red": false,
        "is_pbr_red": false
      },
      {
        "date": "2022/03/31",
        "per": 23.75,
        "pbr": 6.46,
        "is_per_red": false,
        "is_pbr_red": false
      },
      {
        "date": "2023/03/31",
        "per": 22.11,
        "pbr": 5.51,
        "is_per_red": false,
        "is_pbr_red": false
      },
      {
        "date": "2024/03/29",
        "per": 14.55,
        "pbr": 4.01,
        "is_per_red": false,
        "is_pbr_red": false
      }
    ],
    "daily_data": [],
    "financial_data": [
      {
        "fiscal_year": "2008/03",
        "sales": 1889.9999999999998,
        "operating_profit": 210.0,
        "ordinary_profit": 210.0,
        "net_profit": 112.00000000000001,
        "roa": 29.52,
        "operating_margin": 15.46,
        "cost_ratio": 11.12,
        "sga_ratio": 30.56
      },
      {
        "fiscal_year": "2009/03",
        "sales": 2880.0,
        "operating_profit": 426.99999999999994,
        "ordinary_profit": 382.0,
        "net_profit": 208.0,
        "roa": 24.75,
        "operating_margin": 16.19,
        "cost_ratio": 14.81,
        "sga_ratio": 29.16
      },
      {
        "fiscal_year": "2010/03",
        "sales": 3390.0,
        "operating_profit": 503.0,
        "ordinary_profit": 514.0,
        "net_profit": 279.0,
        "roe": 20.21,
        "roa": 24.77,
        "operating_margin": 17.01,
        "cost_ratio": 14.85,
        "sga_ratio": 26.31
      },
      {
        "fiscal_year": "2011/03",
        "sales": 3890.0,
        "operating_profit": 487.0,
        "ordinary_profit": 488.0,
        "net_profit": 271.0,
        "roe": 19.53,
        "roa": 20.84,
        "operating_margin": 15.61,
        "cost_ratio": 12.51,
        "sga_ratio": 33.28
      },
      {
        "fiscal_year": "2012/03",
        "sales": 4370.0,
        "operating_profit": 296.0,
        "ordinary_profit": 301.0,
        "net_profit": 87.0,
        "eps": 82.0,
        "roe": 6.23,
        "roa": 6.83,
        "operating_margin": 3.38,
        "cost_ratio": 6.77,
        "sga_ratio": 46.2
      },
      {
        "fiscal_year": "2013/03",
        "sales": 5220.0,
        "operating_profit": 158.0,
        "ordinary_profit": 165.0,
        "net_profit": 229.0,
        "eps": 234.0,
        "roe": 8.2,
        "roa": 16.02,
        "operating_margin": 8.74,
        "cost_ratio": 3.03,
        "sga_ratio": 51.3
      },
      {
        "fiscal_year": "2014/03",
        "sales": 5780.0,
        "operating_profit": 278.0,
        "ordinary_profit": 293.0,
        "net_profit": 154.0,
        "eps": 157.0,
        "roe": 11.4,
        "roa": 10.01,
        "operating_margin": 4.99,
        "cost_ratio": 4.81,
        "sga_ratio": 47.72
      },
      {
        "fiscal_year": "2015/03",
        "sales": 6170.0,
        "operating_profit": 356.0,
        "ordinary_profit": 369.0,
        "net_profit": 194.0,
        "eps": 193.0,
        "roe": 13.3,
        "roa": 9.21,
        "operating_margin": 4.8,
        "cost_ratio": 5.77,
        "sga_ratio": 49.3
      },
      {
        "fiscal_year": "2016/03",
        "sales": 6740.000000000001,
        "operating_profit": 575.0,
        "ordinary_profit": 606.0,
        "net_profit": 400.0,
        "eps": 400.0,
        "roe": 26.16,
        "roa": 16.26,
        "operating_margin": 8.27,
        "cost_ratio": 8.54,
        "sga_ratio": 52.02
      },
      {
        "fiscal_year": "2017/03",
        "sales": 7109.999999999999,
        "operating_profit": 752.0,
        "ordinary_profit": 802.9999999999999,
        "net_profit": 505.99999999999994,
        "eps": 505.99999999999994,
        "roe": 32.89,
        "roa": 17.35,
        "operating_margin": 9.43,
        "cost_ratio": 10.58,
        "sga_ratio": 50.3
      },
      {
        "fiscal_year": "2018/03",
        "sales": 8980.0,
        "operating_profit": 1019.9999999999999,
        "ordinary_profit": 1100.0,
        "net_profit": 703.0,
        "eps": 703.0,
        "roe": 30.25,
        "roa": 20.26,
        "operating_margin": 11.27,
        "cost_ratio": 11.34,
        "sga_ratio": 54.81
      },
      {
        "fiscal_year": "2019/03",
        "sales": 12100.0,
        "operating_profit": 1400.0,
        "ordinary_profit": 1450.0,
        "net_profit": 1000.0,
        "eps": 1000.0,
        "roe": 43.4,
        "roa": 26.1,
        "operating_margin": 14.46,
        "cost_ratio": 11.54,
        "sga_ratio": 60.72
      },
      {
        "fiscal_year": "2020/03",
        "sales": 15500.0,
        "operating_profit": 2110.0,
        "ordinary_profit": 2170.0,
        "net_profit": 1480.0,
        "eps": 1480.0,
        "roe": 65.75,
        "roa": 28.92,
        "operating_margin": 17.17,
        "cost_ratio": 13.6,
        "sga_ratio": 62.77
      },
      {
        "fiscal_year": "2021/03",
        "sales": 19300.0,
        "operating_profit": 1650.0,
        "ordinary_profit": 1750.0,
        "net_profit": 1120.0,
        "eps": 1120.0,
        "roe": 49.45,
        "roa": 18.66,
        "operating_margin": 8.67,
        "cost_ratio": 8.55,
        "sga_ratio": 72.38
      },
      {
        "fiscal_year": "2022/03",
        "sales": 23300.0,
        "operating_profit": 2450.0,
        "ordinary_profit": 2510.0,
        "net_profit": 2160.0,
        "eps": 2150.0,
        "roe": 94.81,
        "roa": 27.19,
        "operating_margin": 15.85,
        "cost_ratio": 10.54,
        "sga_ratio": 73.69
      },
      {
        "fiscal_year": "2023/03",
        "sales": 31400.0,
        "operating_profit": 3600.0,
        "ordinary_profit": 3690.0,
        "net_profit": 2470.0,
        "eps": 2390.0,
        "roe": 108.19,
        "roa": 24.76,
        "operating_margin": 14.32,
        "cost_ratio": 11.47,
        "sga_ratio": 76.08
      },
      {
        "fiscal_year": "2024/03",
        "sales": 29900.0,
        "operating_profit": 5220.0,
        "ordinary_profit": 5270.0,
        "net_profit": 3540.0,
        "eps": 3610.0,
        "roe": 153.83,
        "roa": 27.44,
        "operating_margin": 16.38,
        "cost_ratio": 17.45,
        "sga_ratio": 69.05
      },
      {
        "fiscal_year": "2025/03",
        "sales": 34000.0,
        "operating_profit": 6500.0,
        "ordinary_profit": 6570.0,
        "net_profit": 4320.0,
        "roe": 187.0,
        "roa": 29.77,
        "operating_margin": 18.28,
        "cost_ratio": 19.12
      }
    ],
    "dividend_data": [
      {
        "fiscal_year": "2010/03",
        "total_dividend": 30.0,
        "dividend_yield": 3.75
      },
      {
        "fiscal_year": "2011/03",
        "total_dividend": 30.0,
        "dividend_yield": 3.75
      },
      {
        "fiscal_year": "2012/03",
        "total_dividend": 30.0,
        "dividend_yield": 3.75
      },
      {
        "fiscal_year": "2013/03",
        "total_dividend": 30.0,
        "dividend_yield": 3.75
      }
    ]
  },
  {
    "code": "7692",
    "name": "アースインフィニティ",
    "annual_data": [
      {
        "date": "2021/07/30",
        "per": 63.16,
        "pbr": 7.98,
        "is_per_red": false,
        "is_pbr_red": false
      },
      {
        "date": "2022/07/29",
        "per": -1,
        "pbr": 6.53,
        "is_per_red": true,
        "is_pbr_red": false
      },
      {
        "date": "2023/07/31",
        "per": 47.86,
        "pbr": 21.54,
        "is_per_red": false,
        "is_pbr_red": false
      },
      {
        "date": "2024/07/31",
        "per": 75.0,
        "pbr": 12.66,
        "is_per_red": false,
        "is_pbr_red": false
      }
    ],
    "daily_data": [],
    "financial_data": [
      {
        "fiscal_year": "2015/07",
        "sales": 585.0,
        "ordinary_profit": 25.0,
        "net_profit": 24.0,
        "eps": 0.23,
        "roa": 12.25
      },
      {
        "fiscal_year": "2016/07",
        "sales": 653.0,
        "ordinary_profit": 4.7,
        "net_profit": 15.0,
        "eps": 0.14,
        "roa": 5.97
      },
      {
        "fiscal_year": "2017/07",
        "sales": 1360.0,
        "ordinary_profit": 61.0,
        "net_profit": 38.0,
        "eps": 0.35,
        "roa": 6.93
      },
      {
        "fiscal_year": "2018/07",
        "sales": 2480.0,
        "operating_profit": 106.0,
        "ordinary_profit": 101.0,
        "net_profit": 65.0,
        "eps": 0.6,
        "roe": 44.34,
        "roa": 7.7,
        "operating_margin": 4.28,
        "cost_ratio": 76.13,
        "sga_ratio": 19.59
      },
      {
        "fiscal_year": "2019/07",
        "sales": 3470.0000000000005,
        "operating_profit": 228.0,
        "ordinary_profit": 230.0,
        "net_profit": 167.0,
        "eps": 1.55,
        "roe": 53.45,
        "roa": 14.49,
        "operating_margin": 6.58,
        "cost_ratio": 75.96,
        "sga_ratio": 17.46
      },
      {
        "fiscal_year": "2020/07",
        "sales": 3660.0,
        "operating_profit": 545.0,
        "ordinary_profit": 548.0,
        "net_profit": 375.0,
        "eps": 3.47,
        "roe": 54.65,
        "roa": 25.65,
        "operating_margin": 14.87,
        "cost_ratio": 66.17,
        "sga_ratio": 18.96
      },
      {
        "fiscal_year": "2021/07",
        "sales": 3750.0,
        "operating_profit": 180.0,
        "ordinary_profit": 183.0,
        "net_profit": 125.0,
        "eps": 1.14,
        "roe": 12.57,
        "roa": 7.83,
        "operating_margin": 4.81,
        "cost_ratio": 77.26,
        "sga_ratio": 17.93
      },
      {
        "fiscal_year": "2022/07",
        "sales": 4580.0,
        "operating_profit": -420.0,
        "ordinary_profit": -466.0,
        "net_profit": -389.0,
        "eps": -3.53,
        "roe": -1,
        "roa": -1,
        "operating_margin": -9.17,
        "cost_ratio": 93.58,
        "sga_ratio": 15.59
      },
      {
        "fiscal_year": "2023/07",
        "sales": 5240.0,
        "operating_profit": 593.0,
        "ordinary_profit": 508.0,
        "net_profit": 386.0,
        "eps": 3.51,
        "roe": 44.98,
        "roa": 14.94,
        "operating_margin": 11.31,
        "cost_ratio": 70.63,
        "sga_ratio": 18.06
      },
      {
        "fiscal_year": "2024/07",
        "sales": 5000.0,
        "operating_profit": 277.0,
        "ordinary_profit": 235.0,
        "net_profit": 150.0,
        "eps": 1.36,
        "roe": 16.93,
        "roa": 6.35,
        "operating_margin": 5.55,
        "cost_ratio": 72.09,
        "sga_ratio": 22.36
      },
      {
        "fiscal_year": "2025/07",
        "sales": 6060.0,
        "operating_profit": 420.0,
        "ordinary_profit": 400.0,
        "net_profit": 250.0,
        "eps": 2.27,
        "roe": 32.42,
        "roa": 9.72,
        "operating_margin": 6.93
      }
    ],
    "dividend_data": []
  },
  {
    "code": "9501",
    "name": "東京電力ホールディングス",
    "annual_data": [
      {
        "date": "2010/03/31",
        "per": 25.2,
        "pbr": 1.37,
        "is_per_red": false,
        "is_pbr_red": false
      },
      {
        "date": "2011/03/31",
        "per": -1,
        "pbr": 0.48,
        "is_per_red": true,
        "is_pbr_red": false
      },
      {
        "date": "2012/03/30",
        "per": -1,
        "pbr": 0.42,
        "is_per_red": true,
        "is_pbr_red": false
      },
      {
        "date": "2013/03/29",
        "per": -1,
        "pbr": 0.81,
        "is_per_red": true,
        "is_pbr_red": false
      },
      {
        "date": "2014/03/31",
        "per": 1.52,
        "pbr": 0.43,
        "is_per_red": false,
        "is_pbr_red": false
      },
      {
        "date": "2015/03/31",
        "per": 1.61,
        "pbr": 0.35,
        "is_per_red": false,
        "is_pbr_red": false
      },
      {
        "date": "2016/03/31",
        "per": 7.05,
        "pbr": 0.45,
        "is_per_red": false,
        "is_pbr_red": false
      },
      {
        "date": "2017/03/31",
        "per": 5.26,
        "pbr": 0.3,
        "is_per_red": false,
        "is_pbr_red": false
      },
      {
        "date": "2018/03/30",
        "per": 2.07,
        "pbr": 0.25,
        "is_per_red": false,
        "is_pbr_red": false
      },
      {
        "date": "2019/03/29",
        "per": 4.83,
        "pbr": 0.39,
        "is_per_red": false,
        "is_pbr_red": false
      },
      {
        "date": "2020/03/31",
        "per": 11.91,
        "pbr": 0.21,
        "is_per_red": false,
        "is_pbr_red": false
      },
      {
        "date": "2021/03/31",
        "per": 3.27,
        "pbr": 0.19,
        "is_per_red": false,
        "is_pbr_red": false
      },
      {
        "date": "2022/03/31",
        "per": 221.43,
        "pbr": 0.2,
        "is_per_red": false,
        "is_pbr_red": false
      },
      {
        "date": "2023/03/31",
        "per": -1,
        "pbr": 0.24,
        "is_per_red": true,
        "is_pbr_red": false
      },
      {
        "date": "2024/03/29",
        "per": 5.65,
        "pbr": 0.43,
        "is_per_red": false,
        "is_pbr_red": false
      }
    ],
    "daily_data": [],
    "financial_data": [],
    "dividend_data": [
      {
        "fiscal_year": "2010/03",
        "total_dividend": 60.0,
        "dividend_yield": 2.41
      },
      {
        "fiscal_year": "2011/03",
        "total_dividend": 30.0,
        "dividend_yield": 6.44
      },
      {
        "fiscal_year": "2013/03",
        "total_dividend": 0.0,
        "dividend_yield": 0.0
      }
    ]
  },
  {
    "code": "9502",
    "name": "中部電力",
    "annual_data": [
      {
        "date": "2010/03/31",
        "per": 16.43,
        "pbr": 1.09,
        "is_per_red": false,
        "is_pbr_red": false
      },
      {
        "date": "2011/03/31",
        "per": 16.58,
        "pbr": 0.84,
        "is_per_red": false,
        "is_pbr_red": false
      },
      {
        "date": "2012/03/30",
        "per": -1,
        "pbr": 0.75,
        "is_per_red": true,
        "is_pbr_red": false
      },
      {
        "date": "2013/03/29",
        "per": -1,
        "pbr": 0.6,
        "is_per_red": true,
        "is_pbr_red": false
      },
      {
        "date": "2014/03/31",
        "per": -1,
        "pbr": 0.66,
        "is_per_red": true,
        "is_pbr_red": false
      },
      {
        "date": "2015/03/31",
        "per": 28.0,
        "pbr": 0.74,
        "is_per_red": false,
        "is_pbr_red": false
      },
      {
        "date": "2016/03/31",
        "per": 7.01,
        "pbr": 0.74,
        "is_per_red": false,
        "is_pbr_red": false
      },
      {
        "date": "2017/03/31",
        "per": 9.85,
        "pbr": 0.67,
        "is_per_red": false,
        "is_pbr_red": false
      },
      {
        "date": "2018/03/30",
        "per": 15.3,
        "pbr": 0.66,
        "is_per_red": false,
        "is_pbr_red": false
      },
      {
        "date": "2019/03/29",
        "per": 16.47,
        "pbr": 0.74,
        "is_per_red": false,
        "is_pbr_red": false
      },
      {
        "date": "2020/03/31",
        "per": 7.06,
        "pbr": 0.61,
        "is_per_red": false,
        "is_pbr_red": false
      },
      {
        "date": "2021/03/31",
        "per": 7.32,
        "pbr": 0.53,
        "is_per_red": false,
        "is_pbr_red": false
      },
      {
        "date": "2022/03/31",
        "per": -1,
        "pbr": 0.47,
        "is_per_red": true,
        "is_pbr_red": false
      },
      {
        "date": "2023/03/31",
        "per": 27.67,
        "pbr": 0.51,
        "is_per_red": false,
        "is_pbr_red": false
      },
      {
        "date": "2024/03/29",
        "per": 3.73,
        "pbr": 0.58,
        "is_per_red": false,
        "is_pbr_red": false
      }
    ],
    "daily_data": [],
    "financial_data": [],
    "dividend_data": [
      {
        "fiscal_year": "2010/03",
        "total_dividend": 60.0,
        "dividend_yield": 2.57
      },
      {
        "fiscal_year": "2011/03",
        "total_dividend": 60.0,
        "dividend_yield": 3.24
      },
      {
        "fiscal_year": "2012/03",
        "total_dividend": 60.0,
        "dividend_yield": 4.02
      },
      {
        "fiscal_year": "2013/03",
        "total_dividend": 50.0,
        "dividend_yield": 4.34
      }
    ]
  },
  {
    "code": "9503",
    "name": "関西電力",
    "annual_data": [
      {
        "date": "2010/03/31",
        "per": 15.94,
        "pbr": 1.14,
        "is_per_red": false,
        "is_pbr_red": false
      },
      {
        "date": "2011/03/31",
        "per": 13.81,
        "pbr": 0.94,
        "is_per_red": false,
        "is_pbr_red": false
      },
      {
        "date": "2012/03/30",
        "per": -1,
        "pbr": 0.8,
        "is_per_red": true,
        "is_pbr_red": false
      },
      {
        "date": "2013/03/29",
        "per": -1,
        "pbr": 0.69,
        "is_per_red": true,
        "is_pbr_red": false
      },
      {
        "date": "2014/03/31",
        "per": -1,
        "pbr": 0.8,
        "is_per_red": true,
        "is_pbr_red": false
      },
      {
        "date": "2015/03/31",
        "per": -1,
        "pbr": 0.99,
        "is_per_red": true,
        "is_pbr_red": false
      },
      {
        "date": "2016/03/31",
        "per": 6.33,
        "pbr": 0.76,
        "is_per_red": false,
        "is_pbr_red": false
      },
      {
        "date": "2017/03/31",
        "per": 8.67,
        "pbr": 0.92,
        "is_per_red": false,
        "is_pbr_red": false
      },
      {
        "date": "2018/03/30",
        "per": 8.04,
        "pbr": 0.84,
        "is_per_red": false,
        "is_pbr_red": false
      },
      {
        "date": "2019/03/29",
        "per": 12.67,
        "pbr": 0.96,
        "is_per_red": false,
        "is_pbr_red": false
      },
      {
        "date": "2020/03/31",
        "per": 8.27,
        "pbr": 0.67,
        "is_per_red": false,
        "is_pbr_red": false
      },
      {
        "date": "2021/03/31",
        "per": 9.82,
        "pbr": 0.64,
        "is_per_red": false,
        "is_pbr_red": false
      },
      {
        "date": "2022/03/31",
        "per": 11.95,
        "pbr": 0.62,
        "is_per_red": false,
        "is_pbr_red": false
      },
      {
        "date": "2023/03/31",
        "per": 65.17,
        "pbr": 0.64,
        "is_per_red": false,
        "is_pbr_red": false
      },
      {
        "date": "2024/03/29",
        "per": 4.43,
        "pbr": 0.86,
        "is_per_red": false,
        "is_pbr_red": false
      }
    ],
    "daily_data": [],
    "financial_data": [],
    "dividend_data": [
      {
        "fiscal_year": "2010/03",
        "total_dividend": 60.0,
        "dividend_yield": 2.8
      },
      {
        "fiscal_year": "2011/03",
        "total_dividend": 60.0,
        "dividend_yield": 3.31
      },
      {
        "fiscal_year": "2012/03",
        "total_dividend": 60.0,
        "dividend_yield": 4.68
      },
      {
        "fiscal_year": "2013/03",
        "total_dividend": 0.0,
        "dividend_yield": 0.0
      },
      {
        "fiscal_year": "2023/03",
        "total_dividend": 50.0,
        "dividend_yield": 3.87
      }
    ]
  },
  {
    "code": "9504",
    "name": "中国電力",
    "annual_data": [
      {
        "date": "2010/03/31",
        "per": 22.24,
        "pbr": 1.02,
        "is_per_red": false,
        "is_pbr_red": false
      },
      {
        "date": "2011/03/31",
        "per": 318.43,
        "pbr": 0.87,
        "is_per_red": false,
        "is_pbr_red": false
      },
      {
        "date": "2012/03/30",
        "per": 228.38,
        "pbr": 0.89,
        "is_per_red": false,
        "is_pbr_red": false
      },
      {
        "date": "2013/03/29",
        "per": -1,
        "pbr": 0.76,
        "is_per_red": true,
        "is_pbr_red": false
      },
      {
        "date": "2014/03/31",
        "per": -1,
        "pbr": 0.87,
        "is_per_red": true,
        "is_pbr_red": false
      },
      {
        "date": "2015/03/31",
        "per": 16.77,
        "pbr": 0.92,
        "is_per_red": false,
        "is_pbr_red": false
      },
      {
        "date": "2016/03/31",
        "per": 20.31,
        "pbr": 0.91,
        "is_per_red": false,
        "is_pbr_red": false
      },
      {
        "date": "2017/03/31",
        "per": 38.69,
        "pbr": 0.73,
        "is_per_red": false,
        "is_pbr_red": false
      },
      {
        "date": "2018/03/30",
        "per": 21.31,
        "pbr": 0.76,
        "is_per_red": false,
        "is_pbr_red": false
      },
      {
        "date": "2019/03/29",
        "per": 41.53,
        "pbr": 0.86,
        "is_per_red": false,
        "is_pbr_red": false
      },
      {
        "date": "2020/03/31",
        "per": 5.83,
        "pbr": 0.84,
        "is_per_red": false,
        "is_pbr_red": false
      },
      {
        "date": "2021/03/31",
        "per": 33.62,
        "pbr": 0.74,
        "is_per_red": false,
        "is_pbr_red": false
      },
      {
        "date": "2022/03/31",
        "per": -1,
        "pbr": 0.5,
        "is_per_red": true,
        "is_pbr_red": false
      },
      {
        "date": "2023/03/31",
        "per": -1,
        "pbr": 0.54,
        "is_per_red": true,
        "is_pbr_red": false
      },
      {
        "date": "2024/03/29",
        "per": 3.13,
        "pbr": 0.69,
        "is_per_red": false,
        "is_pbr_red": false
      }
    ],
    "daily_data": [],
    "financial_data": [],
    "dividend_data": [
      {
        "fiscal_year": "2010/03",
        "total_dividend": 50.0,
        "dividend_yield": 2.69
      },
      {
        "fiscal_year": "2011/03",
        "total_dividend": 50.0,
        "dividend_yield": 3.25
      },
      {
        "fiscal_year": "2012/03",
        "total_dividend": 50.0,
        "dividend_yield": 3.25
      },
      {
        "fiscal_year": "2013/03",
        "total_dividend": 50.0,
        "dividend_yield": 3.98
      },
      {
        "fiscal_year": "2015/03",
        "total_dividend": 50.0,
        "dividend_yield": 3.19
      },
      {
        "fiscal_year": "2016/03",
        "total_dividend": 50.0,
        "dividend_yield": 3.29
      },
      {
        "fiscal_year": "2017/03",
        "total_dividend": 50.0,
        "dividend_yield": 4.06
      },
      {
        "fiscal_year": "2018/03",
        "total_dividend": 50.0,
        "dividend_yield": 3.9
      },
      {
        "fiscal_year": "2019/03",
        "total_dividend": 50.0,
        "dividend_yield": 3.62
      }
    ]
  },
  {
    "code": "9505",
    "name": "北陸電力",
    "annual_data": [
      {
        "date": "2010/03/31",
        "per": 26.75,
        "pbr": 1.26,
        "is_per_red": false,
        "is_pbr_red": false
      },
      {
        "date": "2011/03/31",
        "per": 20.76,
        "pbr": 1.12,
        "is_per_red": false,
        "is_pbr_red": false
      },
      {
        "date": "2012/03/30",
        "per": -1,
        "pbr": 0.93,
        "is_per_red": true,
        "is_pbr_red": false
      },
      {
        "date": "2013/03/29",
        "per": 2465.96,
        "pbr": 0.74,
        "is_per_red": false,
        "is_pbr_red": false
      },
      {
        "date": "2014/03/31",
        "per": 111.12,
        "pbr": 0.86,
        "is_per_red": false,
        "is_pbr_red": false
      },
      {
        "date": "2015/03/31",
        "per": 36.96,
        "pbr": 0.99,
        "is_per_red": false,
        "is_pbr_red": false
      },
      {
        "date": "2016/03/31",
        "per": 25.8,
        "pbr": 1.03,
        "is_per_red": false,
        "is_pbr_red": false
      },
      {
        "date": "2017/03/31",
        "per": -1,
        "pbr": 0.71,
        "is_per_red": true,
        "is_pbr_red": false
      },
      {
        "date": "2018/03/30",
        "per": -1,
        "pbr": 0.6,
        "is_per_red": true,
        "is_pbr_red": false
      },
      {
        "date": "2019/03/29",
        "per": 71.91,
        "pbr": 0.58,
        "is_per_red": false,
        "is_pbr_red": false
      },
      {
        "date": "2020/03/31",
        "per": 11.77,
        "pbr": 0.49,
        "is_per_red": false,
        "is_pbr_red": false
      },
      {
        "date": "2021/03/31",
        "per": 23.13,
        "pbr": 0.47,
        "is_per_red": false,
        "is_pbr_red": false
      },
      {
        "date": "2022/03/31",
        "per": -1,
        "pbr": 0.34,
        "is_per_red": true,
        "is_pbr_red": false
      },
      {
        "date": "2023/03/31",
        "per": -1,
        "pbr": 0.53,
        "is_per_red": true,
        "is_pbr_red": false
      },
      {
        "date": "2024/03/29",
        "per": 2.95,
        "pbr": 0.55,
        "is_per_red": false,
        "is_pbr_red": false
      }
    ],
    "daily_data": [],
    "financial_data": [],
    "dividend_data": [
      {
        "fiscal_year": "2010/03",
        "total_dividend": 50.0,
        "dividend_yield": 2.43
      },
      {
        "fiscal_year": "2011/03",
        "total_dividend": 50.0,
        "dividend_yield": 2.65
      },
      {
        "fiscal_year": "2012/03",
        "total_dividend": 50.0,
        "dividend_yield": 3.34
      },
      {
        "fiscal_year": "2013/03",
        "total_dividend": 50.0,
        "dividend_yield": 4.31
      },
      {
        "fiscal_year": "2014/03",
        "total_dividend": 50.0,
        "dividend_yield": 3.73
      },
      {
        "fiscal_year": "2015/03",
        "total_dividend": 50.0,
        "dividend_yield": 3.14
      },
      {
        "fiscal_year": "2016/03",
        "total_dividend": 50.0,
        "dividend_yield": 3.14
      }
    ]
  },
  {
    "code": "9506",
    "name": "東北電力",
    "annual_data": [
      {
        "date": "2010/03/31",
        "per": 38.51,
        "pbr": 1.11,
        "is_per_red": false,
        "is_pbr_red": false
      },
      {
        "date": "2011/03/31",
        "per": -1,
        "pbr": 0.85,
        "is_per_red": true,
        "is_pbr_red": false
      },
      {
        "date": "2012/03/30",
        "per": -1,
        "pbr": 0.81,
        "is_per_red": true,
        "is_pbr_red": false
      },
      {
        "date": "2013/03/29",
        "per": -1,
        "pbr": 0.79,
        "is_per_red": true,
        "is_pbr_red": false
      },
      {
        "date": "2014/03/31",
        "per": 15.47,
        "pbr": 0.99,
        "is_per_red": false,
        "is_pbr_red": false
      },
      {
        "date": "2015/03/31",
        "per": 8.91,
        "pbr": 1.13,
        "is_per_red": false,
        "is_pbr_red": false
      },
      {
        "date": "2016/03/31",
        "per": 7.45,
        "pbr": 1.15,
        "is_per_red": false,
        "is_pbr_red": false
      },
      {
        "date": "2017/03/31",
        "per": 10.76,
        "pbr": 1.08,
        "is_per_red": false,
        "is_pbr_red": false
      },
      {
        "date": "2018/03/30",
        "per": 15.02,
        "pbr": 0.97,
        "is_per_red": false,
        "is_pbr_red": false
      },
      {
        "date": "2019/03/29",
        "per": 15.16,
        "pbr": 0.92,
        "is_per_red": false,
        "is_pbr_red": false
      },
      {
        "date": "2020/03/31",
        "per": 8.24,
        "pbr": 0.66,
        "is_per_red": false,
        "is_pbr_red": false
      },
      {
        "date": "2021/03/31",
        "per": 17.77,
        "pbr": 0.63,
        "is_per_red": false,
        "is_pbr_red": false
      },
      {
        "date": "2022/03/31",
        "per": -1,
        "pbr": 0.51,
        "is_per_red": true,
        "is_pbr_red": false
      },
      {
        "date": "2023/03/31",
        "per": -1,
        "pbr": 0.6,
        "is_per_red": true,
        "is_pbr_red": false
      },
      {
        "date": "2024/03/29",
        "per": 2.65,
        "pbr": 0.72,
        "is_per_red": false,
        "is_pbr_red": false
      }
    ],
    "daily_data": [],
    "financial_data": [],
    "dividend_data": [
      {
        "fiscal_year": "2010/03",
        "total_dividend": 60.0,
        "dividend_yield": 3.04
      },
      {
        "fiscal_year": "2011/03",
        "total_dividend": 50.0,
        "dividend_yield": 3.56
      },
      {
        "fiscal_year": "2013/03",
        "total_dividend": 0.0,
        "dividend_yield": 0.0
      }
    ]
  },
  {
    "code": "9507",
    "name": "四国電力",
    "annual_data": [
      {
        "date": "2010/03/31",
        "per": 27.97,
        "pbr": 1.71,
        "is_per_red": false,
        "is_pbr_red": false
      },
      {
        "date": "2011/03/31",
        "per": 21.83,
        "pbr": 1.47,
        "is_per_red": false,
        "is_pbr_red": false
      },
      {
        "date": "2012/03/30",
        "per": -1,
        "pbr": 1.59,
        "is_per_red": true,
        "is_pbr_red": false
      },
      {
        "date": "2013/03/29",
        "per": -1,
        "pbr": 1.07,
        "is_per_red": true,
        "is_pbr_red": false
      },
      {
        "date": "2014/03/31",
        "per": -1,
        "pbr": 1.0,
        "is_per_red": true,
        "is_pbr_red": false
      },
      {
        "date": "2015/03/31",
        "per": 29.5,
        "pbr": 1.01,
        "is_per_red": false,
        "is_pbr_red": false
      },
      {
        "date": "2016/03/31",
        "per": 27.88,
        "pbr": 1.09,
        "is_per_red": false,
        "is_pbr_red": false
      },
      {
        "date": "2017/03/31",
        "per": 22.19,
        "pbr": 0.83,
        "is_per_red": false,
        "is_pbr_red": false
      },
      {
        "date": "2018/03/30",
        "per": 13.21,
        "pbr": 0.83,
        "is_per_red": false,
        "is_pbr_red": false
      },
      {
        "date": "2019/03/29",
        "per": 16.33,
        "pbr": 0.87,
        "is_per_red": false,
        "is_pbr_red": false
      },
      {
        "date": "2020/03/31",
        "per": 9.71,
        "pbr": 0.54,
        "is_per_red": false,
        "is_pbr_red": false
      },
      {
        "date": "2021/03/31",
        "per": 58.98,
        "pbr": 0.54,
        "is_per_red": false,
        "is_pbr_red": false
      },
      {
        "date": "2022/03/31",
        "per": -1,
        "pbr": 0.52,
        "is_per_red": true,
        "is_pbr_red": false
      },
      {
        "date": "2023/03/31",
        "per": -1,
        "pbr": 0.52,
        "is_per_red": true,
        "is_pbr_red": false
      },
      {
        "date": "2024/03/29",
        "per": 4.07,
        "pbr": 0.68,
        "is_per_red": false,
        "is_pbr_red": false
      }
    ],
    "daily_data": [],
    "financial_data": [],
    "dividend_data": [
      {
        "fiscal_year": "2010/03",
        "total_dividend": 50.0,
        "dividend_yield": 1.89
      },
      {
        "fiscal_year": "2011/03",
        "total_dividend": 60.0,
        "dividend_yield": 2.65
      },
      {
        "fiscal_year": "2012/03",
        "total_dividend": 60.0,
        "dividend_yield": 2.57
      },
      {
        "fiscal_year": "2013/03",
        "total_dividend": 0.0,
        "dividend_yield": 0.0
      },
      {
        "fiscal_year": "2014/03",
        "total_dividend": 0.0,
        "dividend_yield": 0.0
      },
      {
        "fiscal_year": "2023/03",
        "total_dividend": 0.0,
        "dividend_yield": 0.0
      }
    ]
  },
  {
    "code": "9508",
    "name": "九州電力",
    "annual_data": [
      {
        "date": "2010/03/31",
        "per": 23.08,
        "pbr": 0.9,
        "is_per_red": false,
        "is_pbr_red": false
      },
      {
        "date": "2011/03/31",
        "per": 26.82,
        "pbr": 0.73,
        "is_per_red": false,
        "is_pbr_red": false
      },
      {
        "date": "2012/03/30",
        "per": -1,
        "pbr": 0.64,
        "is_per_red": true,
        "is_pbr_red": false
      },
      {
        "date": "2013/03/29",
        "per": -1,
        "pbr": 0.86,
        "is_per_red": true,
        "is_pbr_red": false
      },
      {
        "date": "2014/03/31",
        "per": -1,
        "pbr": 1.26,
        "is_per_red": true,
        "is_pbr_red": false
      },
      {
        "date": "2015/03/31",
        "per": -1,
        "pbr": 1.28,
        "is_per_red": true,
        "is_pbr_red": false
      },
      {
        "date": "2016/03/31",
        "per": 6.9,
        "pbr": 1.06,
        "is_per_red": false,
        "is_pbr_red": false
      },
      {
        "date": "2017/03/31",
        "per": 7.09,
        "pbr": 1.02,
        "is_per_red": false,
        "is_pbr_red": false
      },
      {
        "date": "2018/03/30",
        "per": 6.93,
        "pbr": 0.95,
        "is_per_red": false,
        "is_pbr_red": false
      },
      {
        "date": "2019/03/29",
        "per": 19.97,
        "pbr": 0.97,
        "is_per_red": false,
        "is_pbr_red": false
      },
      {
        "date": "2020/03/31",
        "per": -1,
        "pbr": 0.67,
        "is_per_red": true,
        "is_pbr_red": false
      },
      {
        "date": "2021/03/31",
        "per": 16.23,
        "pbr": 0.79,
        "is_per_red": false,
        "is_pbr_red": false
      },
      {
        "date": "2022/03/31",
        "per": 56.19,
        "pbr": 0.6,
        "is_per_red": false,
        "is_pbr_red": false
      },
      {
        "date": "2023/03/31",
        "per": -1,
        "pbr": 0.61,
        "is_per_red": true,
        "is_pbr_red": false
      },
      {
        "date": "2024/03/29",
        "per": 3.91,
        "pbr": 0.73,
        "is_per_red": false,
        "is_pbr_red": false
      }
    ],
    "daily_data": [],
    "financial_data": [],
    "dividend_data": [
      {
        "fiscal_year": "2010/03",
        "total_dividend": 60.0,
        "dividend_yield": 2.95
      },
      {
        "fiscal_year": "2011/03",
        "total_dividend": 60.0,
        "dividend_yield": 3.69
      },
      {
        "fiscal_year": "2012/03",
        "total_dividend": 50.0,
        "dividend_yield": 4.24
      },
      {
        "fiscal_year": "2013/03",
        "total_dividend": 0.0,
        "dividend_yield": 0.0
      }
    ]
  },
  {
    "code": "9509",
    "name": "北海道電力",
    "annual_data": [
      {
        "date": "2010/03/31",
        "per": 50.44,
        "pbr": 0.95,
        "is_per_red": false,
        "is_pbr_red": false
      },
      {
        "date": "2011/03/31",
        "per": 28.98,
        "pbr": 0.87,
        "is_per_red": false,
        "is_pbr_red": false
      },
      {
        "date": "2012/03/30",
        "per": -1,
        "pbr": 0.83,
        "is_per_red": true,
        "is_pbr_red": false
      },
      {
        "date": "2013/03/29",
        "per": -1,
        "pbr": 1.19,
        "is_per_red": true,
        "is_pbr_red": false
      },
      {
        "date": "2014/03/31",
        "per": -1,
        "pbr": 1.33,
        "is_per_red": true,
        "is_pbr_red": false
      },
      {
        "date": "2015/03/31",
        "per": 66.13,
        "pbr": 1.09,
        "is_per_red": false,
        "is_pbr_red": false
      },
      {
        "date": "2016/03/31",
        "per": 9.11,
        "pbr": 1.04,
        "is_per_red": false,
        "is_pbr_red": false
      },
      {
        "date": "2017/03/31",
        "per": 19.68,
        "pbr": 0.92,
        "is_per_red": false,
        "is_pbr_red": false
      },
      {
        "date": "2018/03/30",
        "per": 8.66,
        "pbr": 0.71,
        "is_per_red": false,
        "is_pbr_red": false
      },
      {
        "date": "2019/03/29",
        "per": 5.85,
        "pbr": 0.6,
        "is_per_red": false,
        "is_pbr_red": false
      },
      {
        "date": "2020/03/31",
        "per": 3.6,
        "pbr": 0.41,
        "is_per_red": false,
        "is_pbr_red": false
      },
      {
        "date": "2021/03/31",
        "per": 2.87,
        "pbr": 0.37,
        "is_per_red": false,
        "is_pbr_red": false
      },
      {
        "date": "2022/03/31",
        "per": 14.48,
        "pbr": 0.36,
        "is_per_red": false,
        "is_pbr_red": false
      },
      {
        "date": "2023/03/31",
        "per": -1,
        "pbr": 0.41,
        "is_per_red": true,
        "is_pbr_red": false
      },
      {
        "date": "2024/03/29",
        "per": 2.61,
        "pbr": 0.54,
        "is_per_red": false,
        "is_pbr_red": false
      }
    ],
    "daily_data": [],
    "financial_data": [],
    "dividend_data": [
      {
        "fiscal_year": "2010/03",
        "total_dividend": 50.0,
        "dividend_yield": 2.79
      },
      {
        "fiscal_year": "2011/03",
        "total_dividend": 50.0,
        "dividend_yield": 3.1
      },
      {
        "fiscal_year": "2012/03",
        "total_dividend": 50.0,
        "dividend_yield": 4.12
      },
      {
        "fiscal_year": "2013/03",
        "total_dividend": 0.0,
        "dividend_yield": 0.0
      },
      {
        "fiscal_year": "2016/03",
        "total_dividend": 5.0,
        "dividend_yield": 0.53
      }
    ]
  },
  {
    "code": "9511",
    "name": "沖縄電力",
    "annual_data": [
      {
        "date": "2010/03/31",
        "per": 9.55,
        "pbr": 0.72,
        "is_per_red": false,
        "is_pbr_red": false
      },
      {
        "date": "2011/03/31",
        "per": 8.28,
        "pbr": 0.53,
        "is_per_red": false,
        "is_pbr_red": false
      },
      {
        "date": "2012/03/30",
        "per": 8.62,
        "pbr": 0.46,
        "is_per_red": false,
        "is_pbr_red": false
      },
      {
        "date": "2013/03/29",
        "per": 13.01,
        "pbr": 0.42,
        "is_per_red": false,
        "is_pbr_red": false
      },
      {
        "date": "2014/03/31",
        "per": 12.91,
        "pbr": 0.44,
        "is_per_red": false,
        "is_pbr_red": false
      },
      {
        "date": "2015/03/31",
        "per": 15.35,
        "pbr": 0.52,
        "is_per_red": false,
        "is_pbr_red": false
      },
      {
        "date": "2016/03/31",
        "per": 21.77,
        "pbr": 0.54,
        "is_per_red": false,
        "is_pbr_red": false
      },
      {
        "date": "2017/03/31",
        "per": 18.85,
        "pbr": 0.68,
        "is_per_red": false,
        "is_pbr_red": false
      },
      {
        "date": "2018/03/30",
        "per": 20.82,
        "pbr": 0.84,
        "is_per_red": false,
        "is_pbr_red": false
      },
      {
        "date": "2019/03/29",
        "per": 26.04,
        "pbr": 0.65,
        "is_per_red": false,
        "is_pbr_red": false
      },
      {
        "date": "2020/03/31",
        "per": 15.31,
        "pbr": 0.67,
        "is_per_red": false,
        "is_pbr_red": false
      },
      {
        "date": "2021/03/31",
        "per": 10.12,
        "pbr": 0.52,
        "is_per_red": false,
        "is_pbr_red": false
      },
      {
        "date": "2022/03/31",
        "per": 38.24,
        "pbr": 0.47,
        "is_per_red": false,
        "is_pbr_red": false
      },
      {
        "date": "2023/03/31",
        "per": -1,
        "pbr": 0.52,
        "is_per_red": true,
        "is_pbr_red": false
      },
      {
        "date": "2024/03/29",
        "per": 26.56,
        "pbr": 0.54,
        "is_per_red": false,
        "is_pbr_red": false
      }
    ],
    "daily_data": [],
    "financial_data": [],
    "dividend_data": [
      {
        "fiscal_year": "2010/03",
        "total_dividend": 60.0,
        "dividend_yield": 60.0
      },
      {
        "fiscal_year": "2011/03",
        "total_dividend": 60.0,
        "dividend_yield": 60.0
      },
      {
        "fiscal_year": "2012/03",
        "total_dividend": 60.0,
        "dividend_yield": 60.0
      },
      {
        "fiscal_year": "2013/03",
        "total_dividend": 60.0,
        "dividend_yield": 60.0
      }
    ]
  },
  {
    "code": "9513",
    "name": "電源開発",
    "annual_data": [
      {
        "date": "2010/03/31",
        "per": 17.6,
        "pbr": 1.24,
        "is_per_red": false,
        "is_pbr_red": false
      },
      {
        "date": "2011/03/31",
        "per": 21.79,
        "pbr": 1.03,
        "is_per_red": false,
        "is_pbr_red": false
      },
      {
        "date": "2012/03/30",
        "per": 23.2,
        "pbr": 0.92,
        "is_per_red": false,
        "is_pbr_red": false
      },
      {
        "date": "2013/03/29",
        "per": 13.84,
        "pbr": 0.91,
        "is_per_red": false,
        "is_pbr_red": false
      },
      {
        "date": "2014/03/31",
        "per": 15.24,
        "pbr": 0.85,
        "is_per_red": false,
        "is_pbr_red": false
      },
      {
        "date": "2015/03/31",
        "per": 14.24,
        "pbr": 1.08,
        "is_per_red": false,
        "is_pbr_red": false
      },
      {
        "date": "2016/03/31",
        "per": 16.05,
        "pbr": 0.97,
        "is_per_red": false,
        "is_pbr_red": false
      },
      {
        "date": "2017/03/31",
        "per": 11.51,
        "pbr": 0.66,
        "is_per_red": false,
        "is_pbr_red": false
      },
      {
        "date": "2018/03/30",
        "per": 7.17,
        "pbr": 0.62,
        "is_per_red": false,
        "is_pbr_red": false
      },
      {
        "date": "2019/03/29",
        "per": 10.67,
        "pbr": 0.62,
        "is_per_red": false,
        "is_pbr_red": false
      },
      {
        "date": "2020/03/31",
        "per": 9.43,
        "pbr": 0.49,
        "is_per_red": false,
        "is_pbr_red": false
      },
      {
        "date": "2021/03/31",
        "per": 15.87,
        "pbr": 0.44,
        "is_per_red": false,
        "is_pbr_red": false
      },
      {
        "date": "2022/03/31",
        "per": 4.59,
        "pbr": 0.35,
        "is_per_red": false,
        "is_pbr_red": false
      },
      {
        "date": "2023/03/31",
        "per": 3.43,
        "pbr": 0.36,
        "is_per_red": false,
        "is_pbr_red": false
      },
      {
        "date": "2024/03/29",
        "per": 5.87,
        "pbr": 0.38,
        "is_per_red": false,
        "is_pbr_red": false
      }
    ],
    "daily_data": [],
    "financial_data": [],
    "dividend_data": [
      {
        "fiscal_year": "2010/03",
        "total_dividend": 70.0,
        "dividend_yield": 2.27
      },
      {
        "fiscal_year": "2011/03",
        "total_dividend": 70.0,
        "dividend_yield": 2.73
      },
      {
        "fiscal_year": "2012/03",
        "total_dividend": 70.0,
        "dividend_yield": 3.12
      },
      {
        "fiscal_year": "2013/03",
        "total_dividend": 70.0,
        "dividend_yield": 2.83
      }
    ]
  },
  {
    "code": "9514",
    "name": "エフオン",
    "annual_data": [
      {
        "date": "2010/06/30",
        "per": -1,
        "pbr": 0.8,
        "is_per_red": true,
        "is_pbr_red": false
      },
      {
        "date": "2011/06/30",
        "per": -1,
        "pbr": 14.15,
        "is_per_red": true,
        "is_pbr_red": false
      },
      {
        "date": "2012/06/29",
        "per": 12.99,
        "pbr": 5.31,
        "is_per_red": false,
        "is_pbr_red": false
      },
      {
        "date": "2013/06/28",
        "per": 19.94,
        "pbr": 4.72,
        "is_per_red": false,
        "is_pbr_red": false
      },
      {
        "date": "2014/06/30",
        "per": 10.44,
        "pbr": 6.93,
        "is_per_red": false,
        "is_pbr_red": false
      },
      {
        "date": "2015/06/30",
        "per": 13.5,
        "pbr": 2.45,
        "is_per_red": false,
        "is_pbr_red": false
      },
      {
        "date": "2016/06/30",
        "per": 6.77,
        "pbr": 1.72,
        "is_per_red": false,
        "is_pbr_red": false
      },
      {
        "date": "2017/06/30",
        "per": 8.8,
        "pbr": 1.89,
        "is_per_red": false,
        "is_pbr_red": false
      },
      {
        "date": "2018/06/29",
        "per": 12.17,
        "pbr": 2.45,
        "is_per_red": false,
        "is_pbr_red": false
      },
      {
        "date": "2019/06/28",
        "per": 8.3,
        "pbr": 1.25,
        "is_per_red": false,
        "is_pbr_red": false
      },
      {
        "date": "2020/06/30",
        "per": 7.3,
        "pbr": 0.83,
        "is_per_red": false,
        "is_pbr_red": false
      },
      {
        "date": "2021/06/30",
        "per": 12.91,
        "pbr": 1.28,
        "is_per_red": false,
        "is_pbr_red": false
      },
      {
        "date": "2022/06/30",
        "per": 13.2,
        "pbr": 0.67,
        "is_per_red": false,
        "is_pbr_red": false
      },
      {
        "date": "2023/06/30",
        "per": 14.71,
        "pbr": 0.67,
        "is_per_red": false,
        "is_pbr_red": false
      },
      {
        "date": "2024/06/28",
        "per": 31.38,
        "pbr": 0.48,
        "is_per_red": false,
        "is_pbr_red": false
      }
    ],
    "daily_data": [],
    "financial_data": [
      {
        "fiscal_year": "2008/06",
        "sales": 14900.0,
        "operating_profit": -695.0,
        "ordinary_profit": -1019.9999999999999,
        "net_profit": -1120.0,
        "roa": -1,
        "operating_margin": -1,
        "cost_ratio": -4.66,
        "sga_ratio": 98.21
      },
      {
        "fiscal_year": "2009/06",
        "sales": 11900.0,
        "operating_profit": -1090.0,
        "ordinary_profit": -1450.0,
        "net_profit": -4110.0,
        "roa": -1,
        "operating_margin": -1,
        "cost_ratio": -9.22,
        "sga_ratio": 102.1
      },
      {
        "fiscal_year": "2010/06",
        "sales": 6500.0,
        "operating_profit": -752.0,
        "ordinary_profit": -989.0,
        "net_profit": -2870.0,
        "roe": -318.85,
        "roa": -1,
        "operating_margin": -1,
        "cost_ratio": -11.57,
        "sga_ratio": 103.62
      },
      {
        "fiscal_year": "2011/06",
        "sales": 6450.0,
        "operating_profit": 359.0,
        "ordinary_profit": 130.0,
        "net_profit": -1140.0,
        "eps": -1110.0,
        "roe": -78.56,
        "roa": -1,
        "operating_margin": -1,
        "cost_ratio": 5.57,
        "sga_ratio": 87.39
      },
      {
        "fiscal_year": "2012/06",
        "sales": 5580.0,
        "operating_profit": 304.0,
        "ordinary_profit": 187.0,
        "net_profit": 250.0,
        "eps": 275.0,
        "roe": 17.18,
        "roa": 40.85,
        "operating_margin": 2.03,
        "cost_ratio": 5.44,
        "sga_ratio": 87.43
      },
      {
        "fiscal_year": "2013/06",
        "sales": 6060.0,
        "operating_profit": 556.0,
        "ordinary_profit": 483.0,
        "net_profit": 190.0,
        "eps": 212.0,
        "roe": 13.06,
        "roa": 23.69,
        "operating_margin": 1.7,
        "cost_ratio": 9.17,
        "sga_ratio": 84.0
      },
      {
        "fiscal_year": "2014/06",
        "sales": 7620.0,
        "operating_profit": 1570.0,
        "ordinary_profit": 1390.0,
        "net_profit": 1580.0,
        "eps": 1620.0,
        "roe": 108.87,
        "roa": 66.36,
        "operating_margin": 12.46,
        "cost_ratio": 20.61,
        "sga_ratio": 73.03
      },
      {
        "fiscal_year": "2015/06",
        "sales": 7050.0,
        "operating_profit": 1550.0,
        "ordinary_profit": 1450.0,
        "net_profit": 966.0,
        "eps": 993.0,
        "roe": 58.11,
        "roa": 17.34,
        "operating_margin": 5.3,
        "cost_ratio": 22.03,
        "sga_ratio": 70.89
      },
      {
        "fiscal_year": "2016/06",
        "sales": 6150.0,
        "operating_profit": 1300.0,
        "ordinary_profit": 1170.0,
        "net_profit": 1880.0,
        "eps": 1900.0,
        "roe": 107.89,
        "roa": 25.34,
        "operating_margin": 8.6,
        "cost_ratio": 21.14,
        "sga_ratio": 71.17
      },
      {
        "fiscal_year": "2017/06",
        "sales": 9920.0,
        "operating_profit": 2570.0,
        "ordinary_profit": 2310.0,
        "net_profit": 2000.0,
        "eps": 2030.0,
        "roe": 114.02,
        "roa": 21.26,
        "operating_margin": 8.94,
        "cost_ratio": 25.93,
        "sga_ratio": 67.91
      },
      {
        "fiscal_year": "2018/06",
        "sales": 11000.0,
        "operating_profit": 3070.0,
        "ordinary_profit": 2880.0,
        "net_profit": 2370.0,
        "eps": 2370.0,
        "roe": 1.11,
        "roa": 19.93,
        "operating_margin": 8.4,
        "cost_ratio": 27.84,
        "sga_ratio": 66.88
      },
      {
        "fiscal_year": "2019/06",
        "sales": 11000.0,
        "operating_profit": 2850.0,
        "ordinary_profit": 2600.0,
        "net_profit": 2080.0,
        "eps": 2090.0,
        "roe": 96.4,
        "roa": 15.07,
        "operating_margin": 6.25,
        "cost_ratio": 25.79,
        "sga_ratio": 68.31
      },
      {
        "fiscal_year": "2020/06",
        "sales": 12200.0,
        "operating_profit": 2930.0,
        "ordinary_profit": 2830.0,
        "net_profit": 1760.0000000000002,
        "eps": 1760.0000000000002,
        "roe": 81.21,
        "roa": 11.39,
        "operating_margin": 4.41,
        "cost_ratio": 23.96,
        "sga_ratio": 70.55
      },
      {
        "fiscal_year": "2021/06",
        "sales": 13100.0,
        "operating_profit": 2580.0,
        "ordinary_profit": 2400.0,
        "net_profit": 1670.0,
        "eps": 1670.0,
        "roe": 77.32,
        "roa": 9.89,
        "operating_margin": 3.67,
        "cost_ratio": 19.66,
        "sga_ratio": 74.23
      },
      {
        "fiscal_year": "2022/06",
        "sales": 13300.0,
        "operating_profit": 1300.0,
        "ordinary_profit": 1170.0,
        "net_profit": 893.0,
        "eps": 893.0,
        "roe": 41.44,
        "roa": 5.09,
        "operating_margin": 1.89,
        "cost_ratio": 9.8,
        "sga_ratio": 82.37
      },
      {
        "fiscal_year": "2023/06",
        "sales": 16900.0,
        "operating_profit": 1400.0,
        "ordinary_profit": 1290.0,
        "net_profit": 824.0,
        "eps": 824.0,
        "roe": 38.35,
        "roa": 4.53,
        "operating_margin": 1.8,
        "cost_ratio": 8.24,
        "sga_ratio": 86.48
      },
      {
        "fiscal_year": "2024/06",
        "sales": 17500.0,
        "operating_profit": 600.0,
        "ordinary_profit": 346.0,
        "net_profit": 281.0,
        "eps": 281.0,
        "roe": 13.13,
        "roa": 1.54,
        "operating_margin": 0.62,
        "cost_ratio": 3.43,
        "sga_ratio": 91.52
      },
      {
        "fiscal_year": "2025/06",
        "sales": 18500.0,
        "operating_profit": 1200.0,
        "ordinary_profit": 1000.0,
        "net_profit": 710.0,
        "roe": 33.24,
        "roa": 3.88,
        "operating_margin": 1.55,
        "cost_ratio": 6.49
      }
    ],
    "dividend_data": [
      {
        "fiscal_year": "2013/03",
        "total_dividend": 0.0,
        "dividend_yield": 0.0
      }
    ]
  },
  {
    "code": "9517",
    "name": "イーレックス",
    "annual_data": [
      {
        "date": "2015/03/31",
        "per": 12.24,
        "pbr": 1.49,
        "is_per_red": false,
        "is_pbr_red": false
      },
      {
        "date": "2016/03/31",
        "per": 22.68,
        "pbr": 2.15,
        "is_per_red": false,
        "is_pbr_red": false
      },
      {
        "date": "2017/03/31",
        "per": 34.19,
        "pbr": 4.97,
        "is_per_red": false,
        "is_pbr_red": false
      },
      {
        "date": "2018/03/30",
        "per": 13.75,
        "pbr": 2.93,
        "is_per_red": false,
        "is_pbr_red": false
      },
      {
        "date": "2019/03/29",
        "per": 18.89,
        "pbr": 2.69,
        "is_per_red": false,
        "is_pbr_red": false
      },
      {
        "date": "2020/03/31",
        "per": 13.83,
        "pbr": 2.4,
        "is_per_red": false,
        "is_pbr_red": false
      },
      {
        "date": "2021/03/31",
        "per": 15.88,
        "pbr": 2.47,
        "is_per_red": false,
        "is_pbr_red": false
      },
      {
        "date": "2022/03/31",
        "per": 10.6,
        "pbr": 1.84,
        "is_per_red": false,
        "is_pbr_red": false
      },
      {
        "date": "2023/03/31",
        "per": 11.87,
        "pbr": 1.75,
        "is_per_red": false,
        "is_pbr_red": false
      },
      {
        "date": "2024/03/29",
        "per": -1,
        "pbr": 0.87,
        "is_per_red": true,
        "is_pbr_red": false
      }
    ],
    "daily_data": [],
    "financial_data": [
      {
        "fiscal_year": "2009/12",
        "sales": 6250.0,
        "ordinary_profit": 266.0,
        "net_profit": 243.00000000000003,
        "roe": 9.78,
        "operating_margin": 15.37
      },
      {
        "fiscal_year": "2010/03",
        "sales": 1839.9999999999998,
        "ordinary_profit": 104.0,
        "net_profit": 54.0,
        "roe": 2.18,
        "operating_margin": 3.23
      },
      {
        "fiscal_year": "2011/03",
        "sales": 10400.0,
        "ordinary_profit": 487.0,
        "net_profit": 281.0,
        "roe": 11.29,
        "operating_margin": 11.21
      },
      {
        "fiscal_year": "2012/03",
        "sales": 14100.0,
        "ordinary_profit": 1350.0,
        "net_profit": 767.0,
        "roe": 30.79
      },
      {
        "fiscal_year": "2013/03",
        "sales": 12400.0,
        "operating_profit": 1160.0,
        "ordinary_profit": 1160.0,
        "net_profit": 680.0,
        "eps": 678.0,
        "roe": 27.3,
        "roa": 25.12,
        "operating_margin": 12.17,
        "cost_ratio": 9.33,
        "sga_ratio": 82.72
      },
      {
        "fiscal_year": "2014/03",
        "sales": 15300.0,
        "operating_profit": 1410.0,
        "ordinary_profit": 1390.0,
        "net_profit": 815.0,
        "eps": 824.0,
        "roe": 32.74,
        "roa": 23.65,
        "operating_margin": 8.29,
        "cost_ratio": 9.19,
        "sga_ratio": 82.47
      },
      {
        "fiscal_year": "2015/03",
        "sales": 17100.0,
        "operating_profit": 1480.0,
        "ordinary_profit": 1130.0,
        "net_profit": 922.0000000000001,
        "eps": 811.9999999999999,
        "roe": 29.75,
        "roa": 9.24,
        "operating_margin": 5.13,
        "cost_ratio": 8.64,
        "sga_ratio": 84.32
      },
      {
        "fiscal_year": "2016/03",
        "sales": 22900.0,
        "operating_profit": 1720.0,
        "ordinary_profit": 1610.0000000000002,
        "net_profit": 1110.0,
        "eps": 1000.0,
        "roe": 26.76,
        "roa": 8.07,
        "operating_margin": 4.09,
        "cost_ratio": 7.53,
        "sga_ratio": 83.7
      },
      {
        "fiscal_year": "2017/03",
        "sales": 31200.0,
        "operating_profit": 3540.0,
        "ordinary_profit": 3220.0000000000005,
        "net_profit": 1920.0,
        "eps": -394.0,
        "roe": 38.4,
        "roa": 14.42,
        "operating_margin": 4.51,
        "cost_ratio": 11.34,
        "sga_ratio": 77.6
      },
      {
        "fiscal_year": "2018/03",
        "sales": 46900.0,
        "operating_profit": 4810.0,
        "ordinary_profit": 4540.0,
        "net_profit": 3040.0,
        "eps": 1939.9999999999998,
        "roe": 60.3,
        "roa": 21.25,
        "operating_margin": 5.59,
        "cost_ratio": 10.25,
        "sga_ratio": 79.96
      },
      {
        "fiscal_year": "2019/03",
        "sales": 65800.0,
        "operating_profit": 4700.0,
        "ordinary_profit": 4300.0,
        "net_profit": 2760.0,
        "eps": 5710.0,
        "roe": 54.63,
        "roa": 14.22,
        "operating_margin": 3.68,
        "cost_ratio": 7.14,
        "sga_ratio": 84.55
      },
      {
        "fiscal_year": "2020/03",
        "sales": 88600.0,
        "operating_profit": 9250.0,
        "ordinary_profit": 8760.0,
        "net_profit": 4520.0,
        "eps": 9220.0,
        "roe": 89.01,
        "roa": 17.27,
        "operating_margin": 4.31,
        "cost_ratio": 10.43,
        "sga_ratio": 82.27
      },
      {
        "fiscal_year": "2021/03",
        "sales": 141900.0,
        "operating_profit": 15700.0,
        "ordinary_profit": 14900.0,
        "net_profit": 6290.0,
        "eps": 10100.0,
        "roe": 116.28,
        "roa": 14.26,
        "operating_margin": 4.91,
        "cost_ratio": 11.08,
        "sga_ratio": 82.69
      },
      {
        "fiscal_year": "2022/03",
        "sales": 230500.0,
        "operating_profit": 12500.0,
        "ordinary_profit": 13800.0,
        "net_profit": 9650.0,
        "eps": 13200.0,
        "roe": 163.44,
        "roa": 17.33,
        "operating_margin": 6.14,
        "cost_ratio": 5.42,
        "sga_ratio": 90.09
      },
      {
        "fiscal_year": "2023/03",
        "sales": 296300.0,
        "operating_profit": 14800.0,
        "ordinary_profit": 15200.0,
        "net_profit": 9130.0,
        "eps": 8330.0,
        "roe": 154.28,
        "roa": 14.04,
        "operating_margin": 5.18,
        "cost_ratio": 5.0,
        "sga_ratio": 91.32
      },
      {
        "fiscal_year": "2024/03",
        "sales": 245000.0,
        "ordinary_profit": -18400.0,
        "net_profit": -21300.0,
        "eps": -10100.0,
        "roe": -359.94,
        "roa": -1,
        "operating_margin": -1,
        "cost_ratio": -8.1,
        "sga_ratio": 103.74
      },
      {
        "fiscal_year": "2025/03",
        "sales": 155500.0,
        "operating_profit": 5380.0,
        "net_profit": 1889.9999999999998,
        "roe": 25.38,
        "roa": 3.16,
        "operating_margin": 1.25,
        "cost_ratio": 3.46
      }
    ],
    "dividend_data": [
      {
        "fiscal_year": "2012/03",
        "total_dividend": 3.07
      },
      {
        "fiscal_year": "2013/03",
        "total_dividend": 3.0
      },
      {
        "fiscal_year": "2014/03",
        "total_dividend": 3.0
      }
    ]
  },
  {
    "code": "9519",
    "name": "レノバ",
    "annual_data": [
      {
        "date": "2017/05/31",
        "per": 10.98,
        "pbr": 3.43,
        "is_per_red": false,
        "is_pbr_red": false
      },
      {
        "date": "2018/05/31",
        "per": 63.08,
        "pbr": 6.65,
        "is_per_red": false,
        "is_pbr_red": false
      },
      {
        "date": "2019/03/29",
        "per": 44.04,
        "pbr": 14.29,
        "is_per_red": false,
        "is_pbr_red": false
      },
      {
        "date": "2020/03/31",
        "per": 19.68,
        "pbr": 3.8,
        "is_per_red": false,
        "is_pbr_red": false
      },
      {
        "date": "2021/03/31",
        "per": 24.89,
        "pbr": 18.98,
        "is_per_red": false,
        "is_pbr_red": false
      },
      {
        "date": "2022/03/31",
        "per": 84.73,
        "pbr": 4.22,
        "is_per_red": false,
        "is_pbr_red": false
      },
      {
        "date": "2023/03/31",
        "per": 58.39,
        "pbr": 3.65,
        "is_per_red": false,
        "is_pbr_red": false
      },
      {
        "date": "2024/03/29",
        "per": 11.06,
        "pbr": 1.44,
        "is_per_red": false,
        "is_pbr_red": false
      }
    ],
    "daily_data": [],
    "financial_data": [
      {
        "fiscal_year": "2012/05",
        "sales": 1090.0,
        "ordinary_profit": 18.0,
        "net_profit": 6.0,
        "roe": 0.1,
        "operating_margin": 0.24
      },
      {
        "fiscal_year": "2013/05",
        "sales": 931.0,
        "ordinary_profit": 66.0,
        "net_profit": 57.99999999999999,
        "roe": 0.9,
        "operating_margin": 1.74
      },
      {
        "fiscal_year": "2014/05",
        "sales": 1460.0,
        "ordinary_profit": 499.0,
        "net_profit": 311.0,
        "roe": 4.8
      },
      {
        "fiscal_year": "2015/05",
        "sales": 5540.0,
        "operating_profit": 593.0,
        "ordinary_profit": 712.0,
        "net_profit": 433.0,
        "eps": 462.0,
        "roe": 6.69,
        "roa": 16.16,
        "operating_margin": 1.55,
        "cost_ratio": 10.7,
        "sga_ratio": 67.03
      },
      {
        "fiscal_year": "2016/05",
        "sales": 8560.0,
        "operating_profit": 2110.0,
        "ordinary_profit": 1310.0,
        "net_profit": 305.0,
        "eps": 631.0,
        "roe": 4.35,
        "roa": 7.67,
        "operating_margin": 0.59,
        "cost_ratio": 24.61,
        "sga_ratio": 56.54
      },
      {
        "fiscal_year": "2017/05",
        "sales": 8270.0,
        "operating_profit": 2790.0,
        "ordinary_profit": 1850.0,
        "net_profit": 2020.0,
        "eps": 2580.0,
        "roe": 28.5,
        "roa": 30.13,
        "operating_margin": 3.75,
        "cost_ratio": 33.81,
        "sga_ratio": 44.4
      },
      {
        "fiscal_year": "2018/05",
        "sales": 11700.0,
        "operating_profit": 3679.9999999999995,
        "ordinary_profit": 2060.0,
        "net_profit": 800.0,
        "eps": 1770.0,
        "roe": 10.86,
        "roa": 10.46,
        "operating_margin": 1.22,
        "cost_ratio": 31.34,
        "sga_ratio": 49.23
      },
      {
        "fiscal_year": "2019/03",
        "sales": 14100.0,
        "operating_profit": 5030.0,
        "ordinary_profit": 3460.0,
        "net_profit": 1660.0000000000002,
        "eps": 2980.0,
        "roe": 22.25,
        "roa": 32.22,
        "operating_margin": 1.16,
        "cost_ratio": 35.64,
        "sga_ratio": 45.94
      },
      {
        "fiscal_year": "2020/03",
        "sales": 19200.0,
        "operating_profit": 5880.0,
        "ordinary_profit": 4650.0,
        "net_profit": 3540.0,
        "eps": 7940.000000000001,
        "roe": 46.75,
        "roa": 19.09,
        "operating_margin": 2.06,
        "cost_ratio": 30.7
      },
      {
        "fiscal_year": "2021/03",
        "sales": 20600.0,
        "operating_profit": 4610.0,
        "ordinary_profit": 1939.9999999999998,
        "net_profit": 11500.0,
        "eps": 2150.0,
        "roe": 149.68,
        "roa": 75.45,
        "operating_margin": 5.22,
        "cost_ratio": 22.41
      },
      {
        "fiscal_year": "2022/03",
        "sales": 29200.0,
        "operating_profit": 874.0,
        "net_profit": 1580.0,
        "eps": 20000.0,
        "roe": 20.24,
        "roa": 4.96,
        "operating_margin": 0.53,
        "cost_ratio": 2.99
      },
      {
        "fiscal_year": "2023/03",
        "sales": 33600.0,
        "operating_profit": 8870.0,
        "net_profit": 2680.0,
        "eps": 13400.0,
        "roe": 34.08,
        "roa": 6.23,
        "operating_margin": 0.88,
        "cost_ratio": 26.41
      },
      {
        "fiscal_year": "2024/03",
        "sales": 44700.0,
        "operating_profit": 5020.0,
        "net_profit": 8860.0,
        "eps": 25000.0,
        "roe": 112.32,
        "roa": 13.02,
        "operating_margin": 1.9,
        "cost_ratio": 11.21
      },
      {
        "fiscal_year": "2025/03",
        "sales": 71800.0,
        "operating_profit": 1000.0,
        "net_profit": 5900.0,
        "roe": 65.26,
        "roa": 7.04,
        "operating_margin": 1.27,
        "cost_ratio": 1.39
      }
    ],
    "dividend_data": [
      {
        "fiscal_year": "2016/03",
        "total_dividend": 0.0
      }
    ]
  },
  {
    "code": "9522",
    "name": "リニューアブル・ジャパン",
    "annual_data": [
      {
        "date": "2021/12/30",
        "per": 83.65,
        "pbr": 4.57,
        "is_per_red": false,
        "is_pbr_red": false
      },
      {
        "date": "2022/12/30",
        "per": -1,
        "pbr": 1.52,
        "is_per_red": true,
        "is_pbr_red": false
      },
      {
        "date": "2023/12/29",
        "per": 32.24,
        "pbr": 3.29,
        "is_per_red": false,
        "is_pbr_red": false
      }
    ],
    "daily_data": [],
    "financial_data": [
      {
        "fiscal_year": "2016/12",
        "sales": 2210.0,
        "ordinary_profit": -312.0,
        "net_profit": -189.0,
        "roe": -10.84,
        "operating_margin": -1
      },
      {
        "fiscal_year": "2017/12",
        "sales": 5640.0,
        "ordinary_profit": 500.0,
        "net_profit": 630.0,
        "roe": 33.14,
        "operating_margin": 4.78
      },
      {
        "fiscal_year": "2018/12",
        "sales": 7459.999999999999,
        "ordinary_profit": 1410.0,
        "net_profit": 607.0,
        "roe": 31.9
      },
      {
        "fiscal_year": "2019/12",
        "sales": 20600.0,
        "operating_profit": 997.0000000000001,
        "ordinary_profit": 315.0,
        "net_profit": 250.0,
        "eps": 277.0,
        "roe": 10.82,
        "roa": 6.1,
        "operating_margin": 0.45,
        "cost_ratio": 4.84,
        "sga_ratio": 81.44
      },
      {
        "fiscal_year": "2020/12",
        "sales": 22300.0,
        "operating_profit": 1670.0,
        "ordinary_profit": 731.0,
        "net_profit": 462.0,
        "eps": 498.00000000000006,
        "roe": 17.9,
        "roa": 7.86,
        "operating_margin": 0.73,
        "cost_ratio": 7.51,
        "sga_ratio": 78.6
      },
      {
        "fiscal_year": "2021/12",
        "sales": 16000.0,
        "operating_profit": 2230.0,
        "ordinary_profit": 990.0,
        "net_profit": 529.0,
        "eps": 587.0,
        "roe": 20.43,
        "roa": 4.98,
        "operating_margin": 0.44,
        "cost_ratio": 13.98,
        "sga_ratio": 62.36
      },
      {
        "fiscal_year": "2022/12",
        "sales": 17700.0,
        "operating_profit": 1290.0,
        "ordinary_profit": -1360.0,
        "net_profit": -1530.0,
        "eps": -1520.0,
        "roe": -52.68,
        "roa": -1,
        "operating_margin": -1,
        "cost_ratio": 7.28,
        "sga_ratio": 67.14
      },
      {
        "fiscal_year": "2023/12",
        "sales": 33600.0,
        "operating_profit": 3590.0,
        "ordinary_profit": 2030.0,
        "net_profit": 1090.0,
        "eps": 1550.0,
        "roe": 36.82,
        "roa": 10.14,
        "operating_margin": 0.68,
        "cost_ratio": 10.69,
        "sga_ratio": 76.23
      },
      {
        "fiscal_year": "2024/12",
        "sales": 17500.0,
        "operating_profit": 2700.0,
        "ordinary_profit": 500.0,
        "net_profit": 1500.0,
        "roe": 50.05,
        "roa": 13.04,
        "operating_margin": 0.93,
        "cost_ratio": 15.43
      }
    ],
    "dividend_data": [
      {
        "fiscal_year": "2020/03"
      },
      {
        "fiscal_year": "2021/03",
        "total_dividend": 0.0
      }
    ]
  },
  {
    "code": "9531",
    "name": "東京瓦斯",
    "annual_data": [
      {
        "date": "2010/03/31",
        "per": 20.71,
        "pbr": 1.37,
        "is_per_red": false,
        "is_pbr_red": false
      },
      {
        "date": "2011/03/31",
        "per": 10.68,
        "pbr": 1.19,
        "is_per_red": false,
        "is_pbr_red": false
      },
      {
        "date": "2012/03/30",
        "per": 21.94,
        "pbr": 1.2,
        "is_per_red": false,
        "is_pbr_red": false
      },
      {
        "date": "2013/03/29",
        "per": 13.03,
        "pbr": 1.43,
        "is_per_red": false,
        "is_pbr_red": false
      },
      {
        "date": "2014/03/31",
        "per": 12.16,
        "pbr": 1.3,
        "is_per_red": false,
        "is_pbr_red": false
      },
      {
        "date": "2015/03/31",
        "per": 19.31,
        "pbr": 1.72,
        "is_per_red": false,
        "is_pbr_red": false
      },
      {
        "date": "2016/03/31",
        "per": 11.25,
        "pbr": 1.14,
        "is_per_red": false,
        "is_pbr_red": false
      },
      {
        "date": "2017/03/31",
        "per": 22.03,
        "pbr": 1.06,
        "is_per_red": false,
        "is_pbr_red": false
      },
      {
        "date": "2018/03/30",
        "per": 17.19,
        "pbr": 1.13,
        "is_per_red": false,
        "is_pbr_red": false
      },
      {
        "date": "2019/03/29",
        "per": 15.96,
        "pbr": 1.16,
        "is_per_red": false,
        "is_pbr_red": false
      },
      {
        "date": "2020/03/31",
        "per": 26.12,
        "pbr": 0.98,
        "is_per_red": false,
        "is_pbr_red": false
      },
      {
        "date": "2021/03/31",
        "per": 21.94,
        "pbr": 0.94,
        "is_per_red": false,
        "is_pbr_red": false
      },
      {
        "date": "2022/03/31",
        "per": 10.25,
        "pbr": 0.78,
        "is_per_red": false,
        "is_pbr_red": false
      },
      {
        "date": "2023/03/31",
        "per": 3.86,
        "pbr": 0.69,
        "is_per_red": false,
        "is_pbr_red": false
      },
      {
        "date": "2024/03/29",
        "per": 8.52,
        "pbr": 0.83,
        "is_per_red": false,
        "is_pbr_red": false
      }
    ],
    "daily_data": [],
    "financial_data": [
      {
        "fiscal_year": "2008/03",
        "sales": 1490000.0,
        "operating_profit": 70000.0,
        "ordinary_profit": 66800.0,
        "net_profit": 42500.0,
        "roa": 5.52,
        "operating_margin": 2.49,
        "cost_ratio": 4.71
      },
      {
        "fiscal_year": "2009/03",
        "sales": 1660000.0,
        "operating_profit": 65200.0,
        "ordinary_profit": 58300.0,
        "net_profit": 41700.0,
        "roa": 5.4,
        "operating_margin": 2.36,
        "cost_ratio": 3.93
      },
      {
        "fiscal_year": "2010/03",
        "sales": 1420000.0,
        "operating_profit": 85200.0,
        "ordinary_profit": 83500.0,
        "net_profit": 53800.0,
        "roe": 19.89,
        "roa": 6.61,
        "operating_margin": 2.92,
        "cost_ratio": 6.02
      },
      {
        "fiscal_year": "2011/03",
        "sales": 1540000.0,
        "operating_profit": 122500.0,
        "ordinary_profit": 121500.0,
        "net_profit": 95500.0,
        "eps": 80400.0,
        "roe": 35.57,
        "roa": 11.11,
        "operating_margin": 5.22,
        "cost_ratio": 7.98
      },
      {
        "fiscal_year": "2012/03",
        "sales": 1750000.0,
        "operating_profit": 77100.0,
        "ordinary_profit": 75600.0,
        "net_profit": 46100.0,
        "eps": 39200.0,
        "roe": 17.78,
        "roa": 5.49,
        "operating_margin": 2.47,
        "cost_ratio": 4.39
      },
      {
        "fiscal_year": "2013/03",
        "sales": 1920000.0,
        "operating_profit": 145600.0,
        "ordinary_profit": 147500.0,
        "net_profit": 101700.0,
        "eps": 119000.0,
        "roe": 39.44,
        "roa": 10.96,
        "operating_margin": 5.1,
        "cost_ratio": 7.6
      },
      {
        "fiscal_year": "2014/03",
        "sales": 2110000.0,
        "operating_profit": 166000.0,
        "ordinary_profit": 159600.0,
        "net_profit": 108500.0,
        "eps": 147100.0,
        "roe": 43.1,
        "roa": 10.72,
        "operating_margin": 4.98,
        "cost_ratio": 7.86
      },
      {
        "fiscal_year": "2015/03",
        "sales": 2290000.0,
        "operating_profit": 171800.0,
        "ordinary_profit": 168200.0,
        "net_profit": 95800.0,
        "eps": 125800.0,
        "roe": 39.15,
        "roa": 8.96,
        "operating_margin": 4.24,
        "cost_ratio": 7.49
      },
      {
        "fiscal_year": "2016/03",
        "sales": 1880000.0,
        "operating_profit": 192000.0,
        "ordinary_profit": 188800.0,
        "net_profit": 111900.0,
        "eps": 89900.0,
        "roe": 46.68,
        "roa": 10.17,
        "operating_margin": 4.97,
        "cost_ratio": 10.19
      },
      {
        "fiscal_year": "2017/03",
        "sales": 1590000.0,
        "operating_profit": 58400.0,
        "ordinary_profit": 55700.0,
        "net_profit": 53100.0,
        "eps": 70800.0,
        "roe": 23.02,
        "roa": 4.82,
        "operating_margin": 2.38,
        "cost_ratio": 3.68
      },
      {
        "fiscal_year": "2018/03",
        "sales": 1780000.0,
        "operating_profit": 116300.0,
        "ordinary_profit": 111500.0,
        "net_profit": 75000.0,
        "eps": 67200.0,
        "roe": 164.12,
        "roa": 6.6,
        "operating_margin": 3.21,
        "cost_ratio": 6.54
      },
      {
        "fiscal_year": "2019/03",
        "sales": 1960000.0,
        "operating_profit": 93700.0,
        "ordinary_profit": 89400.0,
        "net_profit": 84600.0,
        "eps": 68100.0,
        "roe": 187.6,
        "roa": 7.3,
        "operating_margin": 3.48,
        "cost_ratio": 4.78
      },
      {
        "fiscal_year": "2020/03",
        "sales": 1930000.0,
        "operating_profit": 101400.0,
        "ordinary_profit": 102600.0,
        "net_profit": 43300.0,
        "eps": 40200.0,
        "roe": 97.86,
        "roa": 3.77,
        "operating_margin": 1.7,
        "cost_ratio": 5.27
      },
      {
        "fiscal_year": "2021/03",
        "sales": 1770000.0,
        "operating_profit": 77700.0,
        "ordinary_profit": 70500.0,
        "net_profit": 49500.0,
        "eps": 34300.0,
        "roe": 112.25,
        "roa": 4.29,
        "operating_margin": 1.81,
        "cost_ratio": 4.4
      },
      {
        "fiscal_year": "2022/03",
        "sales": 2150000.0,
        "operating_profit": 127500.0,
        "ordinary_profit": 136500.0,
        "net_profit": 95700.0,
        "eps": 105800.0,
        "roe": 217.67,
        "roa": 7.65,
        "operating_margin": 3.0,
        "cost_ratio": 5.92,
        "sga_ratio": 81.97
      },
      {
        "fiscal_year": "2023/03",
        "sales": 3290000.0,
        "operating_profit": 421500.0,
        "ordinary_profit": 408800.0,
        "net_profit": 280900.0,
        "eps": 358100.0,
        "roe": 646.99,
        "roa": 18.03,
        "operating_margin": 7.84,
        "cost_ratio": 12.81,
        "sga_ratio": 78.93
      },
      {
        "fiscal_year": "2024/03",
        "sales": 2660000.0,
        "operating_profit": 220300.0,
        "ordinary_profit": 228200.0,
        "net_profit": 169900.0,
        "eps": 281200.0,
        "roe": 411.88,
        "roa": 10.02,
        "operating_margin": 4.37,
        "cost_ratio": 8.27,
        "sga_ratio": 82.16
      },
      {
        "fiscal_year": "2025/03",
        "sales": 2650000.0,
        "operating_profit": 125000.0,
        "ordinary_profit": 106000.0,
        "net_profit": 81000.0,
        "roe": 215.48,
        "roa": 4.64,
        "operating_margin": 2.09,
        "cost_ratio": 4.71
      }
    ],
    "dividend_data": [
      {
        "fiscal_year": "2010/03",
        "total_dividend": 9.0,
        "dividend_yield": 9.0
      },
      {
        "fiscal_year": "2011/03",
        "total_dividend": 9.0,
        "dividend_yield": 9.0
      },
      {
        "fiscal_year": "2012/03",
        "total_dividend": 9.0,
        "dividend_yield": 9.0
      },
      {
        "fiscal_year": "2013/03",
        "total_dividend": 10.0,
        "dividend_yield": 10.0
      }
    ]
  },
  {
    "code": "9532",
    "name": "大阪瓦斯",
    "annual_data": [
      {
        "date": "2010/03/31",
        "per": 14.94,
        "pbr": 1.08,
        "is_per_red": false,
        "is_pbr_red": false
      },
      {
        "date": "2011/03/31",
        "per": 15.05,
        "pbr": 1.04,
        "is_per_red": false,
        "is_pbr_red": false
      },
      {
        "date": "2012/03/30",
        "per": 15.3,
        "pbr": 1.01,
        "is_per_red": false,
        "is_pbr_red": false
      },
      {
        "date": "2013/03/29",
        "per": 16.44,
        "pbr": 1.15,
        "is_per_red": false,
        "is_pbr_red": false
      },
      {
        "date": "2014/03/31",
        "per": 19.51,
        "pbr": 1.02,
        "is_per_red": false,
        "is_pbr_red": false
      },
      {
        "date": "2015/03/31",
        "per": 13.65,
        "pbr": 1.18,
        "is_per_red": false,
        "is_pbr_red": false
      },
      {
        "date": "2016/03/31",
        "per": 10.66,
        "pbr": 0.99,
        "is_per_red": false,
        "is_pbr_red": false
      },
      {
        "date": "2017/03/31",
        "per": 14.36,
        "pbr": 0.91,
        "is_per_red": false,
        "is_pbr_red": false
      },
      {
        "date": "2018/03/30",
        "per": 23.15,
        "pbr": 0.87,
        "is_per_red": false,
        "is_pbr_red": false
      },
      {
        "date": "2019/03/29",
        "per": 27.03,
        "pbr": 0.9,
        "is_per_red": false,
        "is_pbr_red": false
      },
      {
        "date": "2020/03/31",
        "per": 20.26,
        "pbr": 0.85,
        "is_per_red": false,
        "is_pbr_red": false
      },
      {
        "date": "2021/03/31",
        "per": 11.09,
        "pbr": 0.83,
        "is_per_red": false,
        "is_pbr_red": false
      },
      {
        "date": "2022/03/31",
        "per": 6.67,
        "pbr": 0.68,
        "is_per_red": false,
        "is_pbr_red": false
      },
      {
        "date": "2023/03/31",
        "per": 15.87,
        "pbr": 0.65,
        "is_per_red": false,
        "is_pbr_red": false
      },
      {
        "date": "2024/03/29",
        "per": 10.58,
        "pbr": 0.88,
        "is_per_red": false,
        "is_pbr_red": false
      }
    ],
    "daily_data": [],
    "financial_data": [
      {
        "fiscal_year": "2008/03",
        "sales": 1240000.0,
        "operating_profit": 75600.0,
        "ordinary_profit": 75800.0,
        "net_profit": 40300.0,
        "roa": 6.21,
        "operating_margin": 2.74,
        "cost_ratio": 6.11
      },
      {
        "fiscal_year": "2009/03",
        "sales": 1330000.0,
        "operating_profit": 66900.0,
        "ordinary_profit": 64500.0,
        "net_profit": 36000.0,
        "roa": 5.88,
        "operating_margin": 2.48,
        "cost_ratio": 5.04
      },
      {
        "fiscal_year": "2010/03",
        "sales": 1100000.0,
        "operating_profit": 91100.0,
        "ordinary_profit": 84800.0,
        "net_profit": 48400.0,
        "roe": 22.42,
        "roa": 7.26,
        "operating_margin": 3.26,
        "cost_ratio": 8.31
      },
      {
        "fiscal_year": "2011/03",
        "sales": 1190000.0,
        "operating_profit": 88600.0,
        "ordinary_profit": 82400.0,
        "net_profit": 46000.0,
        "eps": 35800.0,
        "roe": 22.06,
        "roa": 6.91,
        "operating_margin": 3.2,
        "cost_ratio": 7.46
      },
      {
        "fiscal_year": "2012/03",
        "sales": 1290000.0,
        "operating_profit": 77300.0,
        "ordinary_profit": 75700.0,
        "net_profit": 45200.0,
        "eps": 39700.0,
        "roe": 21.7,
        "roa": 6.6,
        "operating_margin": 3.06,
        "cost_ratio": 5.97
      },
      {
        "fiscal_year": "2013/03",
        "sales": 1380000.0,
        "operating_profit": 84800.0,
        "ordinary_profit": 90100.0,
        "net_profit": 52500.0,
        "eps": 83800.0,
        "roe": 25.18,
        "roa": 7.02,
        "operating_margin": 3.35,
        "cost_ratio": 6.14
      },
      {
        "fiscal_year": "2014/03",
        "sales": 1510000.0,
        "operating_profit": 99400.0,
        "ordinary_profit": 106000.0,
        "net_profit": 41700.0,
        "eps": 80900.0,
        "roe": 20.04,
        "roa": 5.22,
        "operating_margin": 2.5,
        "cost_ratio": 6.57
      },
      {
        "fiscal_year": "2015/03",
        "sales": 1530000.0,
        "operating_profit": 105100.0,
        "ordinary_profit": 108200.0,
        "net_profit": 76700.0,
        "eps": 106100.0,
        "roe": 36.86,
        "roa": 8.63,
        "operating_margin": 4.12,
        "cost_ratio": 6.88
      },
      {
        "fiscal_year": "2016/03",
        "sales": 1320000.0,
        "operating_profit": 146700.0,
        "ordinary_profit": 135000.0,
        "net_profit": 84300.0,
        "eps": 38300.0,
        "roe": 40.53,
        "roa": 9.3,
        "operating_margin": 4.61,
        "cost_ratio": 11.09
      },
      {
        "fiscal_year": "2017/03",
        "sales": 1180000.0,
        "operating_profit": 97300.0,
        "ordinary_profit": 96300.0,
        "net_profit": 61300.0,
        "eps": 78000.0,
        "roe": 29.46,
        "roa": 6.37,
        "operating_margin": 3.25,
        "cost_ratio": 8.21
      },
      {
        "fiscal_year": "2018/03",
        "sales": 1300000.0,
        "operating_profit": 78100.0,
        "ordinary_profit": 77100.0,
        "net_profit": 37700.0,
        "eps": 60600.0,
        "roe": 90.71,
        "roa": 3.77,
        "operating_margin": 1.99,
        "cost_ratio": 6.03
      },
      {
        "fiscal_year": "2019/03",
        "sales": 1370000.0,
        "operating_profit": 68000.0,
        "ordinary_profit": 63100.0,
        "net_profit": 33600.0,
        "eps": 28000.0,
        "roe": 80.8,
        "roa": 3.35,
        "operating_margin": 1.66,
        "cost_ratio": 4.96
      },
      {
        "fiscal_year": "2020/03",
        "sales": 1370000.0,
        "operating_profit": 83800.0,
        "ordinary_profit": 86000.0,
        "net_profit": 41800.0,
        "eps": 15000.0,
        "roe": 100.5,
        "roa": 4.19,
        "operating_margin": 1.95,
        "cost_ratio": 6.12
      },
      {
        "fiscal_year": "2021/03",
        "sales": 1360000.0,
        "operating_profit": 112500.0,
        "ordinary_profit": 127800.0,
        "net_profit": 80900.0,
        "eps": 108700.0,
        "roe": 194.47,
        "roa": 7.47,
        "operating_margin": 3.5,
        "cost_ratio": 8.25
      },
      {
        "fiscal_year": "2022/03",
        "sales": 1590000.0,
        "operating_profit": 99200.0,
        "ordinary_profit": 113500.0,
        "net_profit": 130400.0,
        "eps": 210900.0,
        "roe": 313.69,
        "roa": 10.26,
        "operating_margin": 5.04,
        "cost_ratio": 6.23,
        "sga_ratio": 80.22
      },
      {
        "fiscal_year": "2023/03",
        "sales": 2280000.0,
        "operating_profit": 60000.0,
        "ordinary_profit": 75600.0,
        "net_profit": 57100.0,
        "eps": 146400.0,
        "roe": 137.39,
        "roa": 4.1,
        "operating_margin": 2.03,
        "cost_ratio": 2.64,
        "sga_ratio": 87.6
      },
      {
        "fiscal_year": "2024/03",
        "sales": 2080000.0,
        "operating_profit": 172600.0,
        "ordinary_profit": 226600.0,
        "net_profit": 132700.0,
        "eps": 234100.0,
        "roe": 320.6,
        "roa": 8.41,
        "operating_margin": 4.45,
        "cost_ratio": 8.28,
        "sga_ratio": 80.3
      },
      {
        "fiscal_year": "2025/03",
        "sales": 1990000.0,
        "operating_profit": 123500.0,
        "ordinary_profit": 153000.0,
        "net_profit": 112000.0,
        "roe": 281.83,
        "roa": 6.72,
        "operating_margin": 3.43,
        "cost_ratio": 6.22
      }
    ],
    "dividend_data": [
      {
        "fiscal_year": "2010/03",
        "total_dividend": 7.0,
        "dividend_yield": 7.0
      },
      {
        "fiscal_year": "2011/03",
        "total_dividend": 8.0,
        "dividend_yield": 8.0
      },
      {
        "fiscal_year": "2012/03",
        "total_dividend": 8.0,
        "dividend_yield": 8.0
      },
      {
        "fiscal_year": "2013/03",
        "total_dividend": 8.5,
        "dividend_yield": 8.5
      }
    ]
  },
  {
    "code": "9533",
    "name": "東邦瓦斯",
    "annual_data": [
      {
        "date": "2010/03/31",
        "per": 26.01,
        "pbr": 1.29,
        "is_per_red": false,
        "is_pbr_red": false
      },
      {
        "date": "2011/03/31",
        "per": 16.37,
        "pbr": 1.07,
        "is_per_red": false,
        "is_pbr_red": false
      },
      {
        "date": "2012/03/30",
        "per": 31.09,
        "pbr": 1.19,
        "is_per_red": false,
        "is_pbr_red": false
      },
      {
        "date": "2013/03/29",
        "per": 39.25,
        "pbr": 1.42,
        "is_per_red": false,
        "is_pbr_red": false
      },
      {
        "date": "2014/03/31",
        "per": 27.27,
        "pbr": 1.25,
        "is_per_red": false,
        "is_pbr_red": false
      },
      {
        "date": "2015/03/31",
        "per": 20.06,
        "pbr": 1.35,
        "is_per_red": false,
        "is_pbr_red": false
      },
      {
        "date": "2016/03/31",
        "per": 10.06,
        "pbr": 1.52,
        "is_per_red": false,
        "is_pbr_red": false
      },
      {
        "date": "2017/03/31",
        "per": 23.87,
        "pbr": 1.37,
        "is_per_red": false,
        "is_pbr_red": false
      },
      {
        "date": "2018/03/30",
        "per": 19.32,
        "pbr": 1.07,
        "is_per_red": false,
        "is_pbr_red": false
      },
      {
        "date": "2019/03/29",
        "per": 35.66,
        "pbr": 1.61,
        "is_per_red": false,
        "is_pbr_red": false
      },
      {
        "date": "2020/03/31",
        "per": 31.9,
        "pbr": 1.6,
        "is_per_red": false,
        "is_pbr_red": false
      },
      {
        "date": "2021/03/31",
        "per": 83.95,
        "pbr": 2.01,
        "is_per_red": false,
        "is_pbr_red": false
      },
      {
        "date": "2022/03/31",
        "per": 18.58,
        "pbr": 0.75,
        "is_per_red": false,
        "is_pbr_red": false
      },
      {
        "date": "2023/03/31",
        "per": 7.68,
        "pbr": 0.64,
        "is_per_red": false,
        "is_pbr_red": false
      },
      {
        "date": "2024/03/29",
        "per": 13.34,
        "pbr": 0.8,
        "is_per_red": false,
        "is_pbr_red": false
      }
    ],
    "daily_data": [],
    "financial_data": [],
    "dividend_data": [
      {
        "fiscal_year": "2010/03",
        "total_dividend": 8.0,
        "dividend_yield": 1.57
      },
      {
        "fiscal_year": "2011/03",
        "total_dividend": 8.0,
        "dividend_yield": 1.86
      },
      {
        "fiscal_year": "2012/03",
        "total_dividend": 8.5,
        "dividend_yield": 1.74
      },
      {
        "fiscal_year": "2013/03",
        "total_dividend": 9.0,
        "dividend_yield": 1.47
      }
    ]
  },
  {
    "code": "9534",
    "name": "北海道瓦斯",
    "annual_data": [
      {
        "date": "2010/03/31",
        "per": 10.85,
        "pbr": 0.59,
        "is_per_red": false,
        "is_pbr_red": false
      },
      {
        "date": "2011/03/31",
        "per": 12.56,
        "pbr": 0.6,
        "is_per_red": false,
        "is_pbr_red": false
      },
      {
        "date": "2012/03/30",
        "per": 10.79,
        "pbr": 0.58,
        "is_per_red": false,
        "is_pbr_red": false
      },
      {
        "date": "2013/03/29",
        "per": 17.33,
        "pbr": 0.55,
        "is_per_red": false,
        "is_pbr_red": false
      },
      {
        "date": "2014/03/31",
        "per": 9.71,
        "pbr": 0.58,
        "is_per_red": false,
        "is_pbr_red": false
      },
      {
        "date": "2015/03/31",
        "per": 10.9,
        "pbr": 0.58,
        "is_per_red": false,
        "is_pbr_red": false
      },
      {
        "date": "2016/03/31",
        "per": 18.89,
        "pbr": 0.58,
        "is_per_red": false,
        "is_pbr_red": false
      },
      {
        "date": "2017/03/31",
        "per": 16.98,
        "pbr": 0.56,
        "is_per_red": false,
        "is_pbr_red": false
      },
      {
        "date": "2018/03/30",
        "per": 13.52,
        "pbr": 0.62,
        "is_per_red": false,
        "is_pbr_red": false
      },
      {
        "date": "2019/03/29",
        "per": 7.24,
        "pbr": 0.56,
        "is_per_red": false,
        "is_pbr_red": false
      },
      {
        "date": "2020/03/31",
        "per": 6.88,
        "pbr": 0.56,
        "is_per_red": false,
        "is_pbr_red": false
      },
      {
        "date": "2021/03/31",
        "per": 6.59,
        "pbr": 0.54,
        "is_per_red": false,
        "is_pbr_red": false
      },
      {
        "date": "2022/03/31",
        "per": 4.95,
        "pbr": 0.45,
        "is_per_red": false,
        "is_pbr_red": false
      },
      {
        "date": "2023/03/31",
        "per": 3.44,
        "pbr": 0.52,
        "is_per_red": false,
        "is_pbr_red": false
      },
      {
        "date": "2024/03/29",
        "per": 3.83,
        "pbr": 0.58,
        "is_per_red": false,
        "is_pbr_red": false
      }
    ],
    "daily_data": [],
    "financial_data": [],
    "dividend_data": [
      {
        "fiscal_year": "2010/03",
        "total_dividend": 7.0,
        "dividend_yield": 1.4
      },
      {
        "fiscal_year": "2011/03",
        "total_dividend": 7.0,
        "dividend_yield": 1.4
      },
      {
        "fiscal_year": "2012/03",
        "total_dividend": 8.0,
        "dividend_yield": 1.6
      },
      {
        "fiscal_year": "2013/03",
        "total_dividend": 8.0,
        "dividend_yield": 1.6
      }
    ]
  },
  {
    "code": "9535",
    "name": "広島ガス",
    "annual_data": [
      {
        "date": "2010/03/31",
        "per": 6.93,
        "pbr": 0.51,
        "is_per_red": false,
        "is_pbr_red": false
      },
      {
        "date": "2011/03/31",
        "per": 6.35,
        "pbr": 0.54,
        "is_per_red": false,
        "is_pbr_red": false
      },
      {
        "date": "2012/03/30",
        "per": 168.71,
        "pbr": 0.51,
        "is_per_red": false,
        "is_pbr_red": false
      },
      {
        "date": "2013/03/29",
        "per": 9.8,
        "pbr": 0.56,
        "is_per_red": false,
        "is_pbr_red": false
      },
      {
        "date": "2014/03/31",
        "per": 8.77,
        "pbr": 0.51,
        "is_per_red": false,
        "is_pbr_red": false
      },
      {
        "date": "2015/03/31",
        "per": 8.98,
        "pbr": 0.73,
        "is_per_red": false,
        "is_pbr_red": false
      },
      {
        "date": "2016/03/31",
        "per": 6.89,
        "pbr": 0.65,
        "is_per_red": false,
        "is_pbr_red": false
      },
      {
        "date": "2017/03/31",
        "per": 4.44,
        "pbr": 0.54,
        "is_per_red": false,
        "is_pbr_red": false
      },
      {
        "date": "2018/03/30",
        "per": 10.35,
        "pbr": 0.53,
        "is_per_red": false,
        "is_pbr_red": false
      },
      {
        "date": "2019/03/29",
        "per": 11.84,
        "pbr": 0.49,
        "is_per_red": false,
        "is_pbr_red": false
      },
      {
        "date": "2020/03/31",
        "per": 11.28,
        "pbr": 0.49,
        "is_per_red": false,
        "is_pbr_red": false
      },
      {
        "date": "2021/03/31",
        "per": 5.37,
        "pbr": 0.5,
        "is_per_red": false,
        "is_pbr_red": false
      },
      {
        "date": "2022/03/31",
        "per": 6.24,
        "pbr": 0.37,
        "is_per_red": false,
        "is_pbr_red": false
      },
      {
        "date": "2023/03/31",
        "per": 4.64,
        "pbr": 0.38,
        "is_per_red": false,
        "is_pbr_red": false
      },
      {
        "date": "2024/03/29",
        "per": 11.23,
        "pbr": 0.39,
        "is_per_red": false,
        "is_pbr_red": false
      }
    ],
    "daily_data": [],
    "financial_data": [],
    "dividend_data": [
      {
        "fiscal_year": "2010/03",
        "total_dividend": 7.0,
        "dividend_yield": 3.0
      },
      {
        "fiscal_year": "2011/03",
        "total_dividend": 6.0,
        "dividend_yield": 2.25
      },
      {
        "fiscal_year": "2012/03",
        "total_dividend": 6.0,
        "dividend_yield": 2.42
      },
      {
        "fiscal_year": "2013/03",
        "total_dividend": 6.0,
        "dividend_yield": 2.07
      }
    ]
  },
  {
    "code": "9536",
    "name": "西部ガスホールディングス",
    "annual_data": [
      {
        "date": "2010/03/31",
        "per": 23.61,
        "pbr": 1.69,
        "is_per_red": false,
        "is_pbr_red": false
      },
      {
        "date": "2011/03/31",
        "per": 16.4,
        "pbr": 1.28,
        "is_per_red": false,
        "is_pbr_red": false
      },
      {
        "date": "2012/03/30",
        "per": 56.84,
        "pbr": 1.39,
        "is_per_red": false,
        "is_pbr_red": false
      },
      {
        "date": "2013/03/29",
        "per": 21.41,
        "pbr": 1.27,
        "is_per_red": false,
        "is_pbr_red": false
      },
      {
        "date": "2014/03/31",
        "per": 31.43,
        "pbr": 1.55,
        "is_per_red": false,
        "is_pbr_red": false
      },
      {
        "date": "2015/03/31",
        "per": 26.51,
        "pbr": 1.41,
        "is_per_red": false,
        "is_pbr_red": false
      },
      {
        "date": "2016/03/31",
        "per": 43.04,
        "pbr": 1.46,
        "is_per_red": false,
        "is_pbr_red": false
      },
      {
        "date": "2017/03/31",
        "per": 27.58,
        "pbr": 1.36,
        "is_per_red": false,
        "is_pbr_red": false
      },
      {
        "date": "2018/03/30",
        "per": 17.23,
        "pbr": 1.35,
        "is_per_red": false,
        "is_pbr_red": false
      },
      {
        "date": "2019/03/29",
        "per": 16.14,
        "pbr": 1.15,
        "is_per_red": false,
        "is_pbr_red": false
      },
      {
        "date": "2020/03/31",
        "per": 20.61,
        "pbr": 1.29,
        "is_per_red": false,
        "is_pbr_red": false
      },
      {
        "date": "2021/03/31",
        "per": 65.43,
        "pbr": 1.47,
        "is_per_red": false,
        "is_pbr_red": false
      },
      {
        "date": "2022/03/31",
        "per": 149.21,
        "pbr": 0.99,
        "is_per_red": false,
        "is_pbr_red": false
      },
      {
        "date": "2023/03/31",
        "per": 4.86,
        "pbr": 0.74,
        "is_per_red": false,
        "is_pbr_red": false
      },
      {
        "date": "2024/03/29",
        "per": 11.57,
        "pbr": 0.72,
        "is_per_red": false,
        "is_pbr_red": false
      }
    ],
    "daily_data": [],
    "financial_data": [],
    "dividend_data": [
      {
        "fiscal_year": "2010/03",
        "total_dividend": 6.0,
        "dividend_yield": 2.29
      },
      {
        "fiscal_year": "2011/03",
        "total_dividend": 7.0,
        "dividend_yield": 3.38
      },
      {
        "fiscal_year": "2012/03",
        "total_dividend": 6.0,
        "dividend_yield": 2.69
      },
      {
        "fiscal_year": "2013/03",
        "total_dividend": 6.0,
        "dividend_yield": 2.78
      }
    ]
  },
  {
    "code": "9537",
    "name": "北陸瓦斯",
    "annual_data": [
      {
        "date": "2010/03/31",
        "per": 10.11,
        "pbr": 0.31,
        "is_per_red": false,
        "is_pbr_red": false
      },
      {
        "date": "2011/03/31",
        "per": 8.64,
        "pbr": 0.28,
        "is_per_red": false,
        "is_pbr_red": false
      },
      {
        "date": "2012/03/30",
        "per": 7.76,
        "pbr": 0.27,
        "is_per_red": false,
        "is_pbr_red": false
      },
      {
        "date": "2013/03/29",
        "per": 8.04,
        "pbr": 0.29,
        "is_per_red": false,
        "is_pbr_red": false
      },
      {
        "date": "2014/03/31",
        "per": 13.19,
        "pbr": 0.31,
        "is_per_red": false,
        "is_pbr_red": false
      },
      {
        "date": "2015/03/31",
        "per": 10.73,
        "pbr": 0.33,
        "is_per_red": false,
        "is_pbr_red": false
      },
      {
        "date": "2016/03/31",
        "per": 9.41,
        "pbr": 0.32,
        "is_per_red": false,
        "is_pbr_red": false
      },
      {
        "date": "2017/03/31",
        "per": 11.67,
        "pbr": 0.31,
        "is_per_red": false,
        "is_pbr_red": false
      },
      {
        "date": "2018/03/30",
        "per": 7.77,
        "pbr": 0.36,
        "is_per_red": false,
        "is_pbr_red": false
      },
      {
        "date": "2019/03/28",
        "per": 12.68,
        "pbr": 0.33,
        "is_per_red": false,
        "is_pbr_red": false
      },
      {
        "date": "2020/03/31",
        "per": 12.88,
        "pbr": 0.33,
        "is_per_red": false,
        "is_pbr_red": false
      },
      {
        "date": "2021/03/31",
        "per": 9.42,
        "pbr": 0.32,
        "is_per_red": false,
        "is_pbr_red": false
      },
      {
        "date": "2022/03/31",
        "per": 14.58,
        "pbr": 0.29,
        "is_per_red": false,
        "is_pbr_red": false
      },
      {
        "date": "2023/03/31",
        "per": 33.24,
        "pbr": 0.29,
        "is_per_red": false,
        "is_pbr_red": false
      },
      {
        "date": "2024/03/28",
        "per": -1,
        "pbr": 0.34,
        "is_per_red": true,
        "is_pbr_red": false
      }
    ],
    "daily_data": [],
    "financial_data": [],
    "dividend_data": [
      {
        "fiscal_year": "2010/03",
        "total_dividend": 2.95
      },
      {
        "fiscal_year": "2011/03",
        "total_dividend": 3.15
      },
      {
        "fiscal_year": "2012/03",
        "total_dividend": 3.24
      },
      {
        "fiscal_year": "2013/03",
        "total_dividend": 3.73
      }
    ]
  },
  {
    "code": "9539",
    "name": "京葉瓦斯",
    "annual_data": [
      {
        "date": "2009/12/29",
        "per": 6.51,
        "pbr": 0.45,
        "is_per_red": false,
        "is_pbr_red": false
      },
      {
        "date": "2010/12/30",
        "per": 8.12,
        "pbr": 0.38,
        "is_per_red": false,
        "is_pbr_red": false
      },
      {
        "date": "2011/12/30",
        "per": 26.79,
        "pbr": 0.38,
        "is_per_red": false,
        "is_pbr_red": false
      },
      {
        "date": "2012/12/25",
        "per": 10.52,
        "pbr": 0.45,
        "is_per_red": false,
        "is_pbr_red": false
      },
      {
        "date": "2013/12/30",
        "per": 10.78,
        "pbr": 0.5,
        "is_per_red": false,
        "is_pbr_red": false
      },
      {
        "date": "2014/12/30",
        "per": 10.46,
        "pbr": 0.51,
        "is_per_red": false,
        "is_pbr_red": false
      },
      {
        "date": "2015/12/28",
        "per": 6.74,
        "pbr": 0.47,
        "is_per_red": false,
        "is_pbr_red": false
      },
      {
        "date": "2016/12/30",
        "per": 6.42,
        "pbr": 0.39,
        "is_per_red": false,
        "is_pbr_red": false
      },
      {
        "date": "2017/12/27",
        "per": 7.43,
        "pbr": 0.45,
        "is_per_red": false,
        "is_pbr_red": false
      },
      {
        "date": "2018/12/28",
        "per": 8.05,
        "pbr": 0.42,
        "is_per_red": false,
        "is_pbr_red": false
      },
      {
        "date": "2019/12/30",
        "per": 6.98,
        "pbr": 0.44,
        "is_per_red": false,
        "is_pbr_red": false
      },
      {
        "date": "2020/12/30",
        "per": 8.29,
        "pbr": 0.51,
        "is_per_red": false,
        "is_pbr_red": false
      },
      {
        "date": "2021/12/30",
        "per": 21.79,
        "pbr": 0.46,
        "is_per_red": false,
        "is_pbr_red": false
      },
      {
        "date": "2022/12/30",
        "per": 113.41,
        "pbr": 0.29,
        "is_per_red": false,
        "is_pbr_red": false
      },
      {
        "date": "2023/12/29",
        "per": 19.48,
        "pbr": 0.32,
        "is_per_red": false,
        "is_pbr_red": false
      }
    ],
    "daily_data": [],
    "financial_data": [],
    "dividend_data": [
      {
        "fiscal_year": "2009/03",
        "total_dividend": 9.0,
        "dividend_yield": 2.25
      },
      {
        "fiscal_year": "2010/03",
        "total_dividend": 9.0,
        "dividend_yield": 2.61
      },
      {
        "fiscal_year": "2011/03",
        "total_dividend": 9.0,
        "dividend_yield": 2.61
      },
      {
        "fiscal_year": "2012/03",
        "total_dividend": 9.0,
        "dividend_yield": 2.09
      }
    ]
  },
  {
    "code": "9543",
    "name": "静岡ガス",
    "annual_data": [
      {
        "date": "2009/12/30",
        "per": 7.07,
        "pbr": 1.01,
        "is_per_red": false,
        "is_pbr_red": false
      },
      {
        "date": "2010/12/30",
        "per": 8.6,
        "pbr": 0.77,
        "is_per_red": false,
        "is_pbr_red": false
      },
      {
        "date": "2011/12/30",
        "per": 21.37,
        "pbr": 0.78,
        "is_per_red": false,
        "is_pbr_red": false
      },
      {
        "date": "2012/12/28",
        "per": 10.91,
        "pbr": 0.86,
        "is_per_red": false,
        "is_pbr_red": false
      },
      {
        "date": "2013/12/30",
        "per": 11.78,
        "pbr": 0.81,
        "is_per_red": false,
        "is_pbr_red": false
      },
      {
        "date": "2014/12/30",
        "per": 19.16,
        "pbr": 0.93,
        "is_per_red": false,
        "is_pbr_red": false
      },
      {
        "date": "2015/12/30",
        "per": 7.49,
        "pbr": 0.88,
        "is_per_red": false,
        "is_pbr_red": false
      },
      {
        "date": "2016/12/30",
        "per": 9.05,
        "pbr": 0.86,
        "is_per_red": false,
        "is_pbr_red": false
      },
      {
        "date": "2017/12/29",
        "per": 14.17,
        "pbr": 0.94,
        "is_per_red": false,
        "is_pbr_red": false
      },
      {
        "date": "2018/12/28",
        "per": 19.12,
        "pbr": 0.83,
        "is_per_red": false,
        "is_pbr_red": false
      },
      {
        "date": "2019/12/30",
        "per": 12.74,
        "pbr": 0.88,
        "is_per_red": false,
        "is_pbr_red": false
      },
      {
        "date": "2020/12/30",
        "per": 20.64,
        "pbr": 0.93,
        "is_per_red": false,
        "is_pbr_red": false
      },
      {
        "date": "2021/12/30",
        "per": 17.73,
        "pbr": 0.85,
        "is_per_red": false,
        "is_pbr_red": false
      },
      {
        "date": "2022/12/30",
        "per": 13.69,
        "pbr": 0.88,
        "is_per_red": false,
        "is_pbr_red": false
      },
      {
        "date": "2023/12/29",
        "per": 5.39,
        "pbr": 0.71,
        "is_per_red": false,
        "is_pbr_red": false
      }
    ],
    "daily_data": [],
    "financial_data": [],
    "dividend_data": [
      {
        "fiscal_year": "2009/03",
        "total_dividend": 8.0,
        "dividend_yield": 1.34
      },
      {
        "fiscal_year": "2010/03",
        "total_dividend": 9.0,
        "dividend_yield": 1.85
      },
      {
        "fiscal_year": "2011/03",
        "total_dividend": 9.0,
        "dividend_yield": 1.84
      },
      {
        "fiscal_year": "2012/03",
        "total_dividend": 9.0,
        "dividend_yield": 1.54
      }
    ]
  },
  {
    "code": "9551",
    "name": "メタウォーター",
    "annual_data": [
      {
        "date": "2015/03/31",
        "per": 8.88,
        "pbr": 1.34,
        "is_per_red": false,
        "is_pbr_red": false
      },
      {
        "date": "2016/03/31",
        "per": 26.2,
        "pbr": 1.51,
        "is_per_red": false,
        "is_pbr_red": false
      },
      {
        "date": "2017/03/31",
        "per": 15.85,
        "pbr": 1.44,
        "is_per_red": false,
        "is_pbr_red": false
      },
      {
        "date": "2018/03/30",
        "per": 21.93,
        "pbr": 1.57,
        "is_per_red": false,
        "is_pbr_red": false
      },
      {
        "date": "2019/03/29",
        "per": 15.64,
        "pbr": 1.37,
        "is_per_red": false,
        "is_pbr_red": false
      },
      {
        "date": "2020/03/31",
        "per": 16.7,
        "pbr": 1.7,
        "is_per_red": false,
        "is_pbr_red": false
      },
      {
        "date": "2021/03/31",
        "per": 14.72,
        "pbr": 1.81,
        "is_per_red": false,
        "is_pbr_red": false
      },
      {
        "date": "2022/03/31",
        "per": 13.96,
        "pbr": 1.47,
        "is_per_red": false,
        "is_pbr_red": false
      },
      {
        "date": "2023/03/31",
        "per": 12.04,
        "pbr": 1.15,
        "is_per_red": false,
        "is_pbr_red": false
      },
      {
        "date": "2024/03/29",
        "per": 14.54,
        "pbr": 1.37,
        "is_per_red": false,
        "is_pbr_red": false
      }
    ],
    "daily_data": [],
    "financial_data": [
      {
        "fiscal_year": "2010/03",
        "sales": 93200.0,
        "ordinary_profit": 6160.0,
        "net_profit": 3140.0,
        "roe": 78.6,
        "operating_margin": 4.25
      },
      {
        "fiscal_year": "2011/03",
        "sales": 93100.0,
        "ordinary_profit": 7500.0,
        "net_profit": 4590.0,
        "roe": 114.7,
        "operating_margin": 6.35
      },
      {
        "fiscal_year": "2012/03",
        "sales": 92800.0,
        "ordinary_profit": 7770.0,
        "net_profit": 4260.0,
        "roe": 106.4
      },
      {
        "fiscal_year": "2013/03",
        "sales": 112300.0,
        "operating_profit": 8430.0,
        "ordinary_profit": 8600.0,
        "net_profit": 5170.0,
        "eps": 5220.0,
        "roe": 129.3,
        "roa": 14.42,
        "operating_margin": 5.6,
        "cost_ratio": 7.5,
        "sga_ratio": 81.27
      },
      {
        "fiscal_year": "2014/03",
        "sales": 105500.0,
        "operating_profit": 8140.000000000001,
        "ordinary_profit": 8030.0,
        "net_profit": 4200.0,
        "eps": 4240.0,
        "roe": 104.88,
        "roa": 21.03,
        "operating_margin": 4.81,
        "cost_ratio": 7.72,
        "sga_ratio": 79.25
      },
      {
        "fiscal_year": "2015/03",
        "sales": 106900.0,
        "operating_profit": 8220.0,
        "ordinary_profit": 8210.0,
        "net_profit": 4990.0,
        "eps": 4750.0,
        "roe": 138.34,
        "roa": 10.46,
        "operating_margin": 4.37,
        "cost_ratio": 7.69,
        "sga_ratio": 79.61
      },
      {
        "fiscal_year": "2016/03",
        "sales": 103100.0,
        "operating_profit": 5400.0,
        "ordinary_profit": 5140.0,
        "net_profit": 2780.0,
        "eps": 1889.9999999999998,
        "roe": 53.58,
        "roa": 5.78,
        "operating_margin": 2.3,
        "cost_ratio": 5.24,
        "sga_ratio": 81.51
      },
      {
        "fiscal_year": "2017/03",
        "sales": 111700.0,
        "operating_profit": 6330.0,
        "ordinary_profit": 6250.0,
        "net_profit": 4740.0,
        "eps": 5600.0,
        "roe": 91.46,
        "roa": 9.09,
        "operating_margin": 3.92,
        "cost_ratio": 5.67,
        "sga_ratio": 78.98
      },
      {
        "fiscal_year": "2018/03",
        "sales": 110900.0,
        "operating_profit": 6750.0,
        "ordinary_profit": 6470.0,
        "net_profit": 3929.9999999999995,
        "eps": 4290.0,
        "roe": 75.82,
        "roa": 7.16,
        "operating_margin": 3.2,
        "cost_ratio": 6.08,
        "sga_ratio": 78.38
      },
      {
        "fiscal_year": "2019/03",
        "sales": 117300.0,
        "operating_profit": 7609.999999999999,
        "ordinary_profit": 7620.0,
        "net_profit": 5170.0,
        "eps": 5550.0,
        "roe": 99.72,
        "roa": 8.78,
        "operating_margin": 3.9,
        "cost_ratio": 6.48,
        "sga_ratio": 77.93
      },
      {
        "fiscal_year": "2020/03",
        "sales": 128700.0,
        "operating_profit": 8220.0,
        "ordinary_profit": 8130.0,
        "net_profit": 5680.0,
        "eps": 6459.999999999999,
        "roe": 115.75,
        "roa": 11.48,
        "operating_margin": 4.75,
        "cost_ratio": 6.39,
        "sga_ratio": 79.12
      },
      {
        "fiscal_year": "2021/03",
        "sales": 133400.0,
        "operating_profit": 10900.0,
        "ordinary_profit": 11100.0,
        "net_profit": 6540.000000000001,
        "eps": 5340.0,
        "roe": 150.5,
        "roa": 12.28,
        "operating_margin": 4.99,
        "cost_ratio": 8.15,
        "sga_ratio": 77.79
      },
      {
        "fiscal_year": "2022/03",
        "sales": 135600.0,
        "operating_profit": 8150.0,
        "ordinary_profit": 8750.0,
        "net_profit": 6250.0,
        "eps": 6900.0,
        "roe": 143.38,
        "roa": 10.54,
        "operating_margin": 4.69,
        "cost_ratio": 6.01,
        "sga_ratio": 78.98
      },
      {
        "fiscal_year": "2023/03",
        "sales": 150700.0,
        "operating_profit": 8690.0,
        "ordinary_profit": 9070.0,
        "net_profit": 6250.0,
        "eps": 7950.0,
        "roe": 143.45,
        "roa": 9.59,
        "operating_margin": 4.38,
        "cost_ratio": 5.76,
        "sga_ratio": 79.9
      },
      {
        "fiscal_year": "2024/03",
        "sales": 165600.0,
        "operating_profit": 9900.0,
        "ordinary_profit": 10500.0,
        "net_profit": 6880.0,
        "eps": 10100.0,
        "roe": 157.66,
        "roa": 9.43,
        "operating_margin": 4.07,
        "cost_ratio": 5.98,
        "sga_ratio": 79.22
      },
      {
        "fiscal_year": "2025/03",
        "sales": 170000.0,
        "operating_profit": 9000.0,
        "ordinary_profit": 8700.0,
        "net_profit": 6100.0,
        "roe": 139.78,
        "roa": 8.4,
        "operating_margin": 4.09,
        "cost_ratio": 5.29
      }
    ],
    "dividend_data": [
      {
        "fiscal_year": "2010/03",
        "total_dividend": 5000.0,
        "dividend_yield": 25.0
      },
      {
        "fiscal_year": "2011/03",
        "total_dividend": 6500.0,
        "dividend_yield": 32.5
      },
      {
        "fiscal_year": "2012/03",
        "total_dividend": 8500.0,
        "dividend_yield": 42.5
      },
      {
        "fiscal_year": "2013/03",
        "total_dividend": 9500.0,
        "dividend_yield": 47.5
      },
      {
        "fiscal_year": "2014/03",
        "total_dividend": 8510.0,
        "dividend_yield": 42.55
      }
    ]
  }
]