[
  {
    "code": 1491,
    "name": "中外鉱業",
    "annual_data": [
      {
        "date": "2010/03/31",
        "per": -1,
        "pbr": 1.29,
        "is_per_red": true,
        "is_pbr_red": false
      },
      {
        "date": "2011/03/31",
        "per": 28.83,
        "pbr": 1.16,
        "is_per_red": false,
        "is_pbr_red": false
      },
      {
        "date": "2012/03/30",
        "per": -1,
        "pbr": 0.84,
        "is_per_red": true,
        "is_pbr_red": false
      },
      {
        "date": "2013/03/29",
        "per": 38.55,
        "pbr": 1.19,
        "is_per_red": false,
        "is_pbr_red": false
      },
      {
        "date": "2014/03/31",
        "per": -1,
        "pbr": 1.41,
        "is_per_red": true,
        "is_pbr_red": false
      },
      {
        "date": "2015/03/31",
        "per": -1,
        "pbr": 1.14,
        "is_per_red": true,
        "is_pbr_red": false
      },
      {
        "date": "2016/03/31",
        "per": -1,
        "pbr": 0.96,
        "is_per_red": true,
        "is_pbr_red": false
      },
      {
        "date": "2017/03/31",
        "per": -1,
        "pbr": 1.19,
        "is_per_red": true,
        "is_pbr_red": false
      },
      {
        "date": "2018/03/30",
        "per": -1,
        "pbr": 1.15,
        "is_per_red": true,
        "is_pbr_red": false
      },
      {
        "date": "2019/03/29",
        "per": 46.51,
        "pbr": 0.87,
        "is_per_red": false,
        "is_pbr_red": false
      },
      {
        "date": "2020/03/31",
        "per": -1,
        "pbr": 0.68,
        "is_per_red": true,
        "is_pbr_red": false
      },
      {
        "date": "2021/03/31",
        "per": 52.46,
        "pbr": 1.41,
        "is_per_red": false,
        "is_pbr_red": false
      },
      {
        "date": "2022/03/31",
        "per": 17.99,
        "pbr": 1.39,
        "is_per_red": false,
        "is_pbr_red": false
      },
      {
        "date": "2023/03/31",
        "per": 23.19,
        "pbr": 1.29,
        "is_per_red": false,
        "is_pbr_red": false
      },
      {
        "date": "2024/03/29",
        "per": 40.79,
        "pbr": 1.26,
        "is_per_red": false,
        "is_pbr_red": false
      }
    ],
    "daily_data": [],
    "financial_data": [
      {
        "fiscal_year": "2008/03",
        "sales": 31300.0,
        "operating_profit": -103.0,
        "ordinary_profit": -178.0,
        "net_profit": -36000.0,
        "roa": -1,
        "operating_margin": -1,
        "cost_ratio": -0.33,
        "sga_ratio": 94.55
      },
      {
        "fiscal_year": "2009/03",
        "sales": 36600.0,
        "operating_profit": 1610.0000000000002,
        "ordinary_profit": 1560.0,
        "net_profit": -3320.0000000000005,
        "roa": -1,
        "operating_margin": -1,
        "cost_ratio": 4.4,
        "sga_ratio": 91.06
      },
      {
        "fiscal_year": "2010/03",
        "sales": 32500.0,
        "operating_profit": -764.0,
        "ordinary_profit": -819.0,
        "net_profit": -1780.0,
        "roe": -6.14,
        "roa": -1,
        "operating_margin": -1,
        "cost_ratio": -2.35,
        "sga_ratio": 98.5
      },
      {
        "fiscal_year": "2011/03",
        "sales": 31800.0,
        "operating_profit": -388.0,
        "ordinary_profit": -438.0,
        "net_profit": 323.0,
        "eps": 274.0,
        "roe": 1.11,
        "roa": 4.05,
        "operating_margin": 3.45,
        "cost_ratio": -1.22,
        "sga_ratio": 97.22
      },
      {
        "fiscal_year": "2012/03",
        "sales": 26100.0,
        "operating_profit": 211.0,
        "ordinary_profit": 145.0,
        "net_profit": -424.0,
        "eps": -189.0,
        "roe": -1.46,
        "roa": -1,
        "operating_margin": -1,
        "cost_ratio": 0.81,
        "sga_ratio": 93.91
      },
      {
        "fiscal_year": "2013/03",
        "sales": 19600.0,
        "operating_profit": 1500.0,
        "ordinary_profit": 1490.0,
        "net_profit": 242.0,
        "eps": 1360.0,
        "roe": 0.83,
        "roa": 3.1,
        "operating_margin": 2.64,
        "cost_ratio": 7.68,
        "sga_ratio": 85.19
      },
      {
        "fiscal_year": "2014/03",
        "sales": 14600.0,
        "operating_profit": 469.00000000000006,
        "ordinary_profit": 416.0,
        "net_profit": -180.0,
        "eps": 247.00000000000003,
        "roe": -0.62,
        "roa": -1,
        "operating_margin": -1,
        "cost_ratio": 3.22,
        "sga_ratio": 86.34
      },
      {
        "fiscal_year": "2015/03",
        "sales": 20800.0,
        "operating_profit": -245.00000000000003,
        "ordinary_profit": -351.0,
        "net_profit": -466.0,
        "eps": -377.0,
        "roe": -1.61,
        "roa": -1,
        "operating_margin": -1,
        "cost_ratio": -1.18,
        "sga_ratio": 94.39
      },
      {
        "fiscal_year": "2016/03",
        "sales": 29200.0,
        "operating_profit": -204.0,
        "ordinary_profit": -271.0,
        "net_profit": -483.0,
        "eps": -288.0,
        "roe": -1.67,
        "roa": -1,
        "operating_margin": -1,
        "cost_ratio": -0.7,
        "sga_ratio": 95.94
      },
      {
        "fiscal_year": "2017/03",
        "sales": 62500.0,
        "operating_profit": 146.0,
        "ordinary_profit": 75.0,
        "net_profit": -92.0,
        "eps": 61.0,
        "roe": -0.32,
        "roa": -1,
        "operating_margin": -1,
        "cost_ratio": 0.23,
        "sga_ratio": 97.69
      },
      {
        "fiscal_year": "2018/03",
        "sales": 52100.0,
        "operating_profit": -185.0,
        "ordinary_profit": -262.0,
        "net_profit": -10.0,
        "eps": -280.0,
        "roe": -0.03,
        "roa": -1,
        "operating_margin": -1,
        "cost_ratio": -0.36,
        "sga_ratio": 97.81
      },
      {
        "fiscal_year": "2019/03",
        "sales": 26500.0,
        "operating_profit": 593.0,
        "ordinary_profit": 532.0,
        "net_profit": 124.0,
        "eps": 521.0,
        "roe": 0.43,
        "roa": 1.85,
        "operating_margin": 1.59,
        "cost_ratio": 2.24,
        "sga_ratio": 92.66
      },
      {
        "fiscal_year": "2020/03",
        "sales": 28500.0,
        "operating_profit": -813.0000000000001,
        "ordinary_profit": -894.0,
        "net_profit": -297.0,
        "eps": -923.0,
        "roe": -1.03,
        "roa": -1,
        "operating_margin": -1,
        "cost_ratio": -2.85,
        "sga_ratio": 97.63
      },
      {
        "fiscal_year": "2021/03",
        "sales": 39500.0,
        "operating_profit": 274.0,
        "ordinary_profit": 227.0,
        "net_profit": 176.0,
        "eps": 176.0,
        "roe": 0.61,
        "roa": 2.67,
        "operating_margin": 2.12,
        "cost_ratio": 0.69,
        "sga_ratio": 95.6
      },
      {
        "fiscal_year": "2022/03",
        "sales": 51600.0,
        "operating_profit": 587.0,
        "ordinary_profit": 509.0,
        "net_profit": 547.0,
        "eps": 547.0,
        "roe": 1.89,
        "roa": 7.74,
        "operating_margin": 5.56,
        "cost_ratio": 1.14,
        "sga_ratio": 95.42
      },
      {
        "fiscal_year": "2023/03",
        "sales": 84800.0,
        "operating_profit": 795.0,
        "ordinary_profit": 649.0,
        "net_profit": 398.0,
        "eps": 398.0,
        "roe": 1.38,
        "roa": 5.55,
        "operating_margin": 3.7,
        "cost_ratio": 0.94,
        "sga_ratio": 96.29
      },
      {
        "fiscal_year": "2024/03",
        "sales": 113800.0,
        "operating_profit": 364.0,
        "ordinary_profit": 252.0,
        "net_profit": 219.0,
        "eps": 219.0,
        "roe": 0.76,
        "roa": 3.08,
        "operating_margin": 1.8,
        "cost_ratio": 0.32,
        "sga_ratio": 97.46
      },
      {
        "fiscal_year": "2025/03",
        "sales": 152000.0,
        "operating_profit": 1180.0,
        "ordinary_profit": 990.0,
        "net_profit": 1170.0,
        "roe": 4.06,
        "roa": 14.78,
        "operating_margin": 8.59,
        "cost_ratio": 0.78
      }
    ],
    "dividend_data": [
      {
        "fiscal_year": "2013/03",
        "total_dividend": 0.0,
        "dividend_yield": 0.0
      },
      {
        "fiscal_year": "2023/03",
        "total_dividend": 0.5,
        "dividend_yield": 1.56
      },
      {
        "fiscal_year": "2024/03",
        "total_dividend": 0.5,
        "dividend_yield": 1.61
      },
      {
        "fiscal_year": "2025/03"
      }
    ]
  },
  {
    "code": 5702,
    "name": "大紀アルミニウム工業所",
    "annual_data": [
      {
        "date": "2010/03/31",
        "per": -1,
        "pbr": 0.66,
        "is_per_red": true,
        "is_pbr_red": false
      },
      {
        "date": "2011/03/31",
        "per": 11.1,
        "pbr": 0.63,
        "is_per_red": false,
        "is_pbr_red": false
      },
      {
        "date": "2012/03/30",
        "per": 11.06,
        "pbr": 0.61,
        "is_per_red": false,
        "is_pbr_red": false
      },
      {
        "date": "2013/03/29",
        "per": -1,
        "pbr": 0.49,
        "is_per_red": true,
        "is_pbr_red": false
      },
      {
        "date": "2014/03/31",
        "per": 44.46,
        "pbr": 0.51,
        "is_per_red": false,
        "is_pbr_red": false
      },
      {
        "date": "2015/03/31",
        "per": 6.34,
        "pbr": 0.6,
        "is_per_red": false,
        "is_pbr_red": false
      },
      {
        "date": "2016/03/31",
        "per": 5.01,
        "pbr": 0.48,
        "is_per_red": false,
        "is_pbr_red": false
      },
      {
        "date": "2017/03/31",
        "per": 6.59,
        "pbr": 0.78,
        "is_per_red": false,
        "is_pbr_red": false
      },
      {
        "date": "2018/03/30",
        "per": 6.87,
        "pbr": 0.99,
        "is_per_red": false,
        "is_pbr_red": false
      },
      {
        "date": "2019/03/29",
        "per": 5.43,
        "pbr": 0.8,
        "is_per_red": false,
        "is_pbr_red": false
      },
      {
        "date": "2020/03/31",
        "per": 4.19,
        "pbr": 0.61,
        "is_per_red": false,
        "is_pbr_red": false
      },
      {
        "date": "2021/03/31",
        "per": 7.07,
        "pbr": 1.01,
        "is_per_red": false,
        "is_pbr_red": false
      },
      {
        "date": "2022/03/31",
        "per": 4.29,
        "pbr": 1.11,
        "is_per_red": false,
        "is_pbr_red": false
      },
      {
        "date": "2023/03/31",
        "per": 5.95,
        "pbr": 0.86,
        "is_per_red": false,
        "is_pbr_red": false
      },
      {
        "date": "2024/03/29",
        "per": 15.53,
        "pbr": 0.71,
        "is_per_red": false,
        "is_pbr_red": false
      }
    ],
    "daily_data": [],
    "financial_data": [
      {
        "fiscal_year": "2008/03",
        "sales": 182100.0,
        "operating_profit": 2320.0,
        "ordinary_profit": 1600.0,
        "net_profit": 176.0,
        "roa": 0.77,
        "operating_margin": 0.23,
        "cost_ratio": 1.27,
        "sga_ratio": 96.25
      },
      {
        "fiscal_year": "2009/03",
        "sales": 133300.0,
        "operating_profit": -3040.0,
        "ordinary_profit": -3679.9999999999995,
        "net_profit": -3070.0,
        "roa": -1,
        "operating_margin": -1,
        "cost_ratio": -2.28,
        "sga_ratio": 99.49
      },
      {
        "fiscal_year": "2010/03",
        "sales": 69200.0,
        "operating_profit": -291.0,
        "ordinary_profit": -605.0,
        "net_profit": -1040.0,
        "roe": -23.87,
        "roa": -1,
        "operating_margin": -1,
        "cost_ratio": -0.42,
        "sga_ratio": 95.52
      },
      {
        "fiscal_year": "2011/03",
        "sales": 103300.0,
        "operating_profit": 1520.0,
        "ordinary_profit": 1200.0,
        "net_profit": 1019.9999999999999,
        "eps": 677.0,
        "roe": 23.43,
        "roa": 5.72,
        "operating_margin": 1.98,
        "cost_ratio": 1.47,
        "sga_ratio": 94.93
      },
      {
        "fiscal_year": "2012/03",
        "sales": 102500.0,
        "operating_profit": 1210.0,
        "ordinary_profit": 1050.0,
        "net_profit": 1030.0,
        "eps": 836.9999999999999,
        "roe": 23.59,
        "roa": 5.55,
        "operating_margin": 1.94,
        "cost_ratio": 1.18,
        "sga_ratio": 95.17
      },
      {
        "fiscal_year": "2013/03",
        "sales": 105300.0,
        "operating_profit": 461.00000000000006,
        "ordinary_profit": 294.0,
        "net_profit": -101.0,
        "eps": 634.0,
        "roe": -2.33,
        "roa": -1,
        "operating_margin": -1,
        "cost_ratio": 0.44,
        "sga_ratio": 95.67
      },
      {
        "fiscal_year": "2014/03",
        "sales": 132500.0,
        "operating_profit": 2000.0,
        "ordinary_profit": 1000.0,
        "net_profit": 227.99999999999997,
        "eps": 1280.0,
        "roe": 5.51,
        "roa": 1.15,
        "operating_margin": 0.35,
        "cost_ratio": 1.51,
        "sga_ratio": 95.18
      },
      {
        "fiscal_year": "2015/03",
        "sales": 165300.0,
        "operating_profit": 3030.0,
        "ordinary_profit": 2930.0,
        "net_profit": 2180.0,
        "eps": 3279.9999999999995,
        "roe": 52.5,
        "roa": 9.44,
        "operating_margin": 2.74,
        "cost_ratio": 1.83,
        "sga_ratio": 95.18
      },
      {
        "fiscal_year": "2016/03",
        "sales": 157100.0,
        "operating_profit": 3679.9999999999995,
        "ordinary_profit": 3090.0,
        "net_profit": 2300.0,
        "eps": 1320.0,
        "roe": 55.48,
        "roa": 9.61,
        "operating_margin": 3.28,
        "cost_ratio": 2.35,
        "sga_ratio": 94.48
      },
      {
        "fiscal_year": "2017/03",
        "sales": 150800.0,
        "operating_profit": 4730.0,
        "ordinary_profit": 4680.0,
        "net_profit": 3140.0,
        "eps": 3090.0,
        "roe": 75.72,
        "roa": 11.82,
        "operating_margin": 4.09,
        "cost_ratio": 3.14,
        "sga_ratio": 93.25
      },
      {
        "fiscal_year": "2018/03",
        "sales": 185600.0,
        "operating_profit": 6859.999999999999,
        "ordinary_profit": 6600.0,
        "net_profit": 4490.0,
        "eps": 5210.0,
        "roe": 108.42,
        "roa": 14.41,
        "operating_margin": 4.74,
        "cost_ratio": 3.7,
        "sga_ratio": 93.06
      },
      {
        "fiscal_year": "2019/03",
        "sales": 196700.0,
        "operating_profit": 8109.999999999999,
        "ordinary_profit": 7130.0,
        "net_profit": 5060.0,
        "eps": 4260.0,
        "roe": 122.38,
        "roa": 14.88,
        "operating_margin": 5.57,
        "cost_ratio": 4.12,
        "sga_ratio": 92.47
      },
      {
        "fiscal_year": "2020/03",
        "sales": 159100.0,
        "operating_profit": 7720.0,
        "ordinary_profit": 7720.0,
        "net_profit": 5590.0,
        "eps": 5380.0,
        "roe": 137.87,
        "roa": 14.64,
        "operating_margin": 6.71,
        "cost_ratio": 4.85,
        "sga_ratio": 90.76
      },
      {
        "fiscal_year": "2021/03",
        "sales": 139200.0,
        "operating_profit": 9250.0,
        "ordinary_profit": 9050.0,
        "net_profit": 6140.0,
        "eps": 5890.0,
        "roe": 151.65,
        "roa": 14.25,
        "operating_margin": 6.3,
        "cost_ratio": 6.64,
        "sga_ratio": 88.41
      },
      {
        "fiscal_year": "2022/03",
        "sales": 236100.0,
        "operating_profit": 20400.0,
        "ordinary_profit": 20700.0,
        "net_profit": 14900.0,
        "eps": 16500.0,
        "roe": 367.39,
        "roa": 25.84,
        "operating_margin": 10.51,
        "cost_ratio": 8.63,
        "sga_ratio": 87.6
      },
      {
        "fiscal_year": "2023/03",
        "sales": 273000.0,
        "operating_profit": 13700.0,
        "ordinary_profit": 13900.0,
        "net_profit": 9730.0,
        "eps": 12700.0,
        "roe": 240.09,
        "roa": 14.41,
        "operating_margin": 7.3,
        "cost_ratio": 5.03,
        "sga_ratio": 91.58
      },
      {
        "fiscal_year": "2024/03",
        "sales": 262700.0,
        "operating_profit": 4620.0,
        "ordinary_profit": 4170.0,
        "net_profit": 3240.0,
        "eps": 6559.999999999999,
        "roe": 80.08,
        "roa": 4.55,
        "operating_margin": 2.34,
        "cost_ratio": 1.76,
        "sga_ratio": 95.04
      },
      {
        "fiscal_year": "2025/03",
        "sales": 291200.0,
        "operating_profit": 4790.0,
        "ordinary_profit": 3750.0,
        "net_profit": 2110.0,
        "roe": 53.32,
        "roa": 2.86,
        "operating_margin": 1.32,
        "cost_ratio": 1.64
      }
    ],
    "dividend_data": [
      {
        "fiscal_year": "2010/03",
        "total_dividend": 0.0,
        "dividend_yield": 0.0
      },
      {
        "fiscal_year": "2011/03",
        "total_dividend": 3.0,
        "dividend_yield": 1.15
      },
      {
        "fiscal_year": "2012/03",
        "total_dividend": 6.0,
        "dividend_yield": 2.3
      },
      {
        "fiscal_year": "2013/03",
        "total_dividend": 6.0,
        "dividend_yield": 2.84
      }
    ]
  },
  {
    "code": 5703,
    "name": "日本軽金属ホールディングス",
    "annual_data": [
      {
        "date": "2013/03/29",
        "per": 17.06,
        "pbr": 0.54,
        "is_per_red": false,
        "is_pbr_red": false
      },
      {
        "date": "2014/03/31",
        "per": 14.32,
        "pbr": 0.66,
        "is_per_red": false,
        "is_pbr_red": false
      },
      {
        "date": "2015/03/31",
        "per": 10.04,
        "pbr": 0.8,
        "is_per_red": false,
        "is_pbr_red": false
      },
      {
        "date": "2016/03/31",
        "per": 6.48,
        "pbr": 0.77,
        "is_per_red": false,
        "is_pbr_red": false
      },
      {
        "date": "2017/03/31",
        "per": 7.09,
        "pbr": 0.95,
        "is_per_red": false,
        "is_pbr_red": false
      },
      {
        "date": "2018/03/30",
        "per": 9.8,
        "pbr": 1.01,
        "is_per_red": false,
        "is_pbr_red": false
      },
      {
        "date": "2019/03/29",
        "per": 7.32,
        "pbr": 0.8,
        "is_per_red": false,
        "is_pbr_red": false
      },
      {
        "date": "2020/03/31",
        "per": 14.0,
        "pbr": 0.56,
        "is_per_red": false,
        "is_pbr_red": false
      },
      {
        "date": "2021/03/31",
        "per": 40.7,
        "pbr": 0.72,
        "is_per_red": false,
        "is_pbr_red": false
      },
      {
        "date": "2022/03/31",
        "per": 6.33,
        "pbr": 0.52,
        "is_per_red": false,
        "is_pbr_red": false
      },
      {
        "date": "2023/03/31",
        "per": 12.57,
        "pbr": 0.44,
        "is_per_red": false,
        "is_pbr_red": false
      },
      {
        "date": "2024/03/29",
        "per": 12.47,
        "pbr": 0.51,
        "is_per_red": false,
        "is_pbr_red": false
      }
    ],
    "daily_data": [],
    "financial_data": [
      {
        "fiscal_year": "2013/03",
        "sales": 371900.0,
        "operating_profit": 8150.0,
        "ordinary_profit": 6870.0,
        "net_profit": 3360.0,
        "eps": 7230.0,
        "roe": 6.15,
        "roa": 3.19,
        "operating_margin": 0.8,
        "cost_ratio": 2.19,
        "sga_ratio": 83.14
      },
      {
        "fiscal_year": "2014/03",
        "sales": 402800.0,
        "operating_profit": 12600.0,
        "ordinary_profit": 12700.0,
        "net_profit": 5130.0,
        "eps": 9490.0,
        "roe": 9.43,
        "roa": 4.64,
        "operating_margin": 1.19,
        "cost_ratio": 3.13,
        "sga_ratio": 82.87
      },
      {
        "fiscal_year": "2015/03",
        "sales": 431500.0,
        "operating_profit": 19300.0,
        "ordinary_profit": 20600.0,
        "net_profit": 9650.0,
        "eps": 16700.0,
        "roe": 17.74,
        "roa": 7.94,
        "operating_margin": 2.11,
        "cost_ratio": 4.47,
        "sga_ratio": 82.16
      },
      {
        "fiscal_year": "2016/03",
        "sales": 464400.0,
        "operating_profit": 26800.0,
        "ordinary_profit": 24500.0,
        "net_profit": 15500.0,
        "eps": 11400.0,
        "roe": 28.56,
        "roa": 11.93,
        "operating_margin": 3.44,
        "cost_ratio": 5.78,
        "sga_ratio": 80.78
      },
      {
        "fiscal_year": "2017/03",
        "sales": 448400.0,
        "operating_profit": 30200.0,
        "ordinary_profit": 26300.0,
        "net_profit": 19500.0,
        "eps": 19800.0,
        "roe": 34.58,
        "roa": 12.23,
        "operating_margin": 4.35,
        "cost_ratio": 6.74,
        "sga_ratio": 79.58
      },
      {
        "fiscal_year": "2018/03",
        "sales": 481400.0,
        "operating_profit": 29900.0,
        "ordinary_profit": 29500.0,
        "net_profit": 18000.0,
        "eps": 21900.0,
        "roe": 29.09,
        "roa": 10.35,
        "operating_margin": 3.86,
        "cost_ratio": 6.21,
        "sga_ratio": 80.47
      },
      {
        "fiscal_year": "2019/03",
        "sales": 500500.0,
        "operating_profit": 30100.0,
        "ordinary_profit": 31100.0,
        "net_profit": 20600.0,
        "eps": 19700.0,
        "roe": 33.2,
        "roa": 10.94,
        "operating_margin": 4.27,
        "cost_ratio": 6.0,
        "sga_ratio": 80.57
      },
      {
        "fiscal_year": "2020/03",
        "sales": 465900.0,
        "operating_profit": 24600.0,
        "ordinary_profit": 23500.0,
        "net_profit": 7480.0,
        "eps": 6140.0,
        "roe": 12.07,
        "roa": 4.01,
        "operating_margin": 1.59,
        "cost_ratio": 5.28,
        "sga_ratio": 79.91
      },
      {
        "fiscal_year": "2021/03",
        "sales": 432600.0,
        "operating_profit": 24200.0,
        "ordinary_profit": 24000.0,
        "net_profit": 3370.0000000000005,
        "eps": 9780.0,
        "roe": 54.37,
        "roa": 1.76,
        "operating_margin": 0.66,
        "cost_ratio": 5.59,
        "sga_ratio": 79.18
      },
      {
        "fiscal_year": "2022/03",
        "sales": 486600.0,
        "operating_profit": 22200.0,
        "ordinary_profit": 22900.0,
        "net_profit": 16800.0,
        "eps": 20100.0,
        "roe": 270.77,
        "roa": 8.25,
        "operating_margin": 3.15,
        "cost_ratio": 4.56,
        "sga_ratio": 81.23
      },
      {
        "fiscal_year": "2023/03",
        "sales": 517000.0,
        "operating_profit": 7540.000000000001,
        "ordinary_profit": 8860.0,
        "net_profit": 7200.0,
        "eps": 6670.0,
        "roe": 116.33,
        "roa": 3.51,
        "operating_margin": 1.37,
        "cost_ratio": 1.46,
        "sga_ratio": 85.12
      },
      {
        "fiscal_year": "2024/03",
        "sales": 523700.0,
        "operating_profit": 18200.0,
        "ordinary_profit": 19000.0,
        "net_profit": 9940.0,
        "eps": 19800.0,
        "roe": 160.47,
        "roa": 4.47,
        "operating_margin": 1.83,
        "cost_ratio": 3.47,
        "sga_ratio": 83.08
      },
      {
        "fiscal_year": "2025/03",
        "sales": 560000.0,
        "operating_profit": 21000.0,
        "ordinary_profit": 20000.0,
        "net_profit": 13000.0,
        "roe": 209.88,
        "roa": 5.79,
        "operating_margin": 2.38,
        "cost_ratio": 3.75
      }
    ],
    "dividend_data": [
      {
        "fiscal_year": "2013/03",
        "total_dividend": 3.0,
        "dividend_yield": 2.86
      }
    ]
  },
  {
    "code": 5704,
    "name": "ＪＭＣ",
    "annual_data": [
      {
        "date": "2016/12/30",
        "per": 19.94,
        "pbr": 2.16,
        "is_per_red": false,
        "is_pbr_red": false
      },
      {
        "date": "2017/12/29",
        "per": 163.73,
        "pbr": 1.42,
        "is_per_red": false,
        "is_pbr_red": false
      },
      {
        "date": "2018/12/28",
        "per": 35.21,
        "pbr": 3.68,
        "is_per_red": false,
        "is_pbr_red": false
      },
      {
        "date": "2019/12/30",
        "per": 35.78,
        "pbr": 2.62,
        "is_per_red": false,
        "is_pbr_red": false
      },
      {
        "date": "2020/12/30",
        "per": -1,
        "pbr": 1.94,
        "is_per_red": true,
        "is_pbr_red": false
      },
      {
        "date": "2021/12/30",
        "per": 21.73,
        "pbr": 1.13,
        "is_per_red": false,
        "is_pbr_red": false
      },
      {
        "date": "2022/12/30",
        "per": 14.85,
        "pbr": 1.5,
        "is_per_red": false,
        "is_pbr_red": false
      },
      {
        "date": "2023/12/29",
        "per": 17.55,
        "pbr": 2.29,
        "is_per_red": false,
        "is_pbr_red": false
      }
    ],
    "daily_data": [],
    "financial_data": [
      {
        "fiscal_year": "2011/04",
        "sales": 453.0,
        "ordinary_profit": 49.0,
        "net_profit": 31.0,
        "eps": 17.68,
        "roa": 9.64
      },
      {
        "fiscal_year": "2012/04",
        "sales": 618.0,
        "ordinary_profit": 72.0,
        "net_profit": 29.0,
        "eps": 16.31,
        "roa": 7.06
      },
      {
        "fiscal_year": "2013/04",
        "sales": 596.0,
        "ordinary_profit": 51.0,
        "net_profit": 38.0,
        "eps": 15.02,
        "roa": 7.23
      },
      {
        "fiscal_year": "2014/04",
        "sales": 827.0,
        "ordinary_profit": 74.0,
        "net_profit": 35.0,
        "eps": 13.83,
        "roa": 5.64
      },
      {
        "fiscal_year": "2014/12",
        "sales": 644.0,
        "operating_profit": 58.0,
        "ordinary_profit": 51.0,
        "net_profit": 20.0,
        "eps": 6.76,
        "roe": 3.44,
        "roa": 1.99,
        "operating_margin": 9.0,
        "cost_ratio": 59.57,
        "sga_ratio": 31.43
      },
      {
        "fiscal_year": "2015/12",
        "sales": 1330.0,
        "operating_profit": 170.0,
        "ordinary_profit": 195.0,
        "net_profit": 124.0,
        "eps": 41.92,
        "roe": 17.59,
        "roa": 9.12,
        "operating_margin": 12.85,
        "cost_ratio": 58.48,
        "sga_ratio": 28.68
      },
      {
        "fiscal_year": "2016/12",
        "sales": 1480.0,
        "operating_profit": 140.0,
        "ordinary_profit": 172.0,
        "net_profit": 120.0,
        "eps": 37.86,
        "roe": 6.61,
        "roa": 4.85,
        "operating_margin": 9.45,
        "cost_ratio": 58.08,
        "sga_ratio": 32.47
      },
      {
        "fiscal_year": "2017/12",
        "sales": 1630.0,
        "operating_profit": 22.0,
        "ordinary_profit": 29.0,
        "net_profit": 16.0,
        "eps": 3.06,
        "roe": 0.87,
        "roa": 0.65,
        "operating_margin": 1.35,
        "cost_ratio": 66.6,
        "sga_ratio": 32.05
      },
      {
        "fiscal_year": "2018/12",
        "sales": 2580.0,
        "operating_profit": 330.0,
        "ordinary_profit": 338.0,
        "net_profit": 215.0,
        "eps": 41.15,
        "roe": 10.4,
        "roa": 6.48,
        "operating_margin": 12.76,
        "cost_ratio": 60.28,
        "sga_ratio": 26.96
      },
      {
        "fiscal_year": "2019/12",
        "sales": 2810.0,
        "operating_profit": 265.0,
        "ordinary_profit": 264.0,
        "net_profit": 164.0,
        "eps": 31.22,
        "roe": 7.29,
        "roa": 4.46,
        "operating_margin": 9.43,
        "cost_ratio": 60.25,
        "sga_ratio": 30.31
      },
      {
        "fiscal_year": "2020/12",
        "sales": 2460.0,
        "operating_profit": -220.0,
        "ordinary_profit": -207.0,
        "net_profit": -173.0,
        "eps": -32.75,
        "roe": -1,
        "roa": -1,
        "operating_margin": -8.97,
        "cost_ratio": 76.86,
        "sga_ratio": 32.1
      },
      {
        "fiscal_year": "2021/12",
        "sales": 2420.0,
        "operating_profit": 102.0,
        "ordinary_profit": 154.0,
        "net_profit": 114.0,
        "eps": 21.58,
        "roe": 5.19,
        "roa": 3.0,
        "operating_margin": 4.23,
        "cost_ratio": 63.67,
        "sga_ratio": 32.1
      },
      {
        "fiscal_year": "2022/12",
        "sales": 2960.0,
        "operating_profit": 351.0,
        "ordinary_profit": 381.0,
        "net_profit": 248.0,
        "eps": 46.66,
        "roe": 10.07,
        "roa": 5.71,
        "operating_margin": 11.88,
        "cost_ratio": 59.01,
        "sga_ratio": 29.11
      },
      {
        "fiscal_year": "2023/12",
        "sales": 3640.0,
        "operating_profit": 537.0,
        "ordinary_profit": 533.0,
        "net_profit": 364.0,
        "eps": 67.87,
        "roe": 12.71,
        "roa": 7.3,
        "operating_margin": 14.74,
        "cost_ratio": 58.6,
        "sga_ratio": 26.66
      },
      {
        "fiscal_year": "2024/12",
        "sales": 3180.0,
        "operating_profit": 115.0,
        "ordinary_profit": 122.0,
        "net_profit": 81.0,
        "eps": 14.47,
        "roe": 2.81,
        "roa": 1.83,
        "operating_margin": 3.62
      }
    ],
    "dividend_data": [
      {
        "fiscal_year": "2011/03",
        "total_dividend": 3.0
      },
      {
        "fiscal_year": "2012/03",
        "total_dividend": 6.63
      },
      {
        "fiscal_year": "2014/03",
        "total_dividend": 2.5
      }
    ]
  },
  {
    "code": 5706,
    "name": "三井金属鉱業",
    "annual_data": [
      {
        "date": "2010/03/31",
        "per": 11.54,
        "pbr": 1.44,
        "is_per_red": false,
        "is_pbr_red": false
      },
      {
        "date": "2011/03/31",
        "per": 7.83,
        "pbr": 1.31,
        "is_per_red": false,
        "is_pbr_red": false
      },
      {
        "date": "2012/03/30",
        "per": 11.58,
        "pbr": 1.01,
        "is_per_red": false,
        "is_pbr_red": false
      },
      {
        "date": "2013/03/29",
        "per": 13.93,
        "pbr": 0.94,
        "is_per_red": false,
        "is_pbr_red": false
      },
      {
        "date": "2014/03/31",
        "per": 37.12,
        "pbr": 0.84,
        "is_per_red": false,
        "is_pbr_red": false
      },
      {
        "date": "2015/03/31",
        "per": 9.08,
        "pbr": 0.79,
        "is_per_red": false,
        "is_pbr_red": false
      },
      {
        "date": "2016/03/31",
        "per": -1,
        "pbr": 0.61,
        "is_per_red": true,
        "is_pbr_red": false
      },
      {
        "date": "2017/03/31",
        "per": 11.59,
        "pbr": 1.24,
        "is_per_red": false,
        "is_pbr_red": false
      },
      {
        "date": "2018/03/30",
        "per": -1,
        "pbr": 1.64,
        "is_per_red": true,
        "is_pbr_red": false
      },
      {
        "date": "2019/03/29",
        "per": 34.56,
        "pbr": 0.95,
        "is_per_red": false,
        "is_pbr_red": false
      },
      {
        "date": "2020/03/31",
        "per": 65.9,
        "pbr": 0.63,
        "is_per_red": false,
        "is_pbr_red": false
      },
      {
        "date": "2021/03/31",
        "per": 4.9,
        "pbr": 1.1,
        "is_per_red": false,
        "is_pbr_red": false
      },
      {
        "date": "2022/03/31",
        "per": 3.68,
        "pbr": 0.8,
        "is_per_red": false,
        "is_pbr_red": false
      },
      {
        "date": "2023/03/31",
        "per": 21.58,
        "pbr": 0.73,
        "is_per_red": false,
        "is_pbr_red": false
      },
      {
        "date": "2024/03/29",
        "per": 10.35,
        "pbr": 0.97,
        "is_per_red": false,
        "is_pbr_red": false
      }
    ],
    "daily_data": [],
    "financial_data": [
      {
        "fiscal_year": "2008/03",
        "sales": 595500.0,
        "operating_profit": 28000.0,
        "ordinary_profit": 41800.0,
        "net_profit": 7830.0,
        "roa": 4.23,
        "operating_margin": 1.61,
        "cost_ratio": 4.7,
        "sga_ratio": 85.66
      },
      {
        "fiscal_year": "2009/03",
        "sales": 427200.0,
        "operating_profit": -27000.0,
        "ordinary_profit": -30300.0,
        "net_profit": -67300.0,
        "roa": -1,
        "operating_margin": -1,
        "cost_ratio": -6.33,
        "sga_ratio": 94.86
      },
      {
        "fiscal_year": "2010/03",
        "sales": 392400.0,
        "operating_profit": 27900.0,
        "ordinary_profit": 25600.0,
        "net_profit": 13900.0,
        "roe": 24.26,
        "roa": 12.48,
        "operating_margin": 3.34,
        "cost_ratio": 7.11,
        "sga_ratio": 82.96
      },
      {
        "fiscal_year": "2011/03",
        "sales": 446500.0,
        "operating_profit": 30200.0,
        "ordinary_profit": 34000.0,
        "net_profit": 21200.0,
        "eps": 17400.0,
        "roe": 36.93,
        "roa": 16.8,
        "operating_margin": 5.15,
        "cost_ratio": 6.77,
        "sga_ratio": 84.25
      },
      {
        "fiscal_year": "2012/03",
        "sales": 431100.0,
        "operating_profit": 20900.0,
        "ordinary_profit": 19200.0,
        "net_profit": 11500.0,
        "eps": 11100.0,
        "roe": 20.13,
        "roa": 8.75,
        "operating_margin": 2.79,
        "cost_ratio": 4.85,
        "sga_ratio": 85.77
      },
      {
        "fiscal_year": "2013/03",
        "sales": 417200.0,
        "operating_profit": 16600.0,
        "ordinary_profit": 16200.0,
        "net_profit": 9910.0,
        "eps": 20600.0,
        "roe": 17.3,
        "roa": 6.76,
        "operating_margin": 2.26,
        "cost_ratio": 3.97,
        "sga_ratio": 85.64
      },
      {
        "fiscal_year": "2014/03",
        "sales": 441000.0,
        "operating_profit": 25700.0,
        "ordinary_profit": 13700.0,
        "net_profit": 3660.0,
        "eps": 17400.0,
        "roe": 6.41,
        "roa": 2.28,
        "operating_margin": 0.73,
        "cost_ratio": 5.84,
        "sga_ratio": 83.98
      },
      {
        "fiscal_year": "2015/03",
        "sales": 473300.0,
        "operating_profit": 31800.0,
        "ordinary_profit": 21100.0,
        "net_profit": 17200.0,
        "eps": 40100.0,
        "roe": 30.18,
        "roa": 8.75,
        "operating_margin": 3.2,
        "cost_ratio": 6.73,
        "sga_ratio": 83.61
      },
      {
        "fiscal_year": "2016/03",
        "sales": 450600.0,
        "operating_profit": 11100.0,
        "ordinary_profit": -11300.0,
        "net_profit": -20900.0,
        "eps": -23700.0,
        "roe": -36.64,
        "roa": -1,
        "operating_margin": -1,
        "cost_ratio": 2.47,
        "sga_ratio": 86.24
      },
      {
        "fiscal_year": "2017/03",
        "sales": 436300.0,
        "operating_profit": 38500.0,
        "ordinary_profit": 31000.0,
        "net_profit": 18700.0,
        "eps": 8590.0,
        "roe": 32.7,
        "roa": 10.73,
        "operating_margin": 3.6,
        "cost_ratio": 8.81,
        "sga_ratio": 80.0
      },
      {
        "fiscal_year": "2018/03",
        "sales": 519200.0,
        "operating_profit": 49500.0,
        "ordinary_profit": 11200.0,
        "net_profit": -708.0,
        "eps": -1070.0,
        "roe": -12.4,
        "roa": -1,
        "operating_margin": -1,
        "cost_ratio": 9.54,
        "sga_ratio": 80.47
      },
      {
        "fiscal_year": "2019/03",
        "sales": 497700.0,
        "operating_profit": 18200.0,
        "ordinary_profit": 17800.0,
        "net_profit": 4690.0,
        "eps": 5070.0,
        "roe": 82.14,
        "roa": 2.76,
        "operating_margin": 0.9,
        "cost_ratio": 3.66,
        "sga_ratio": 85.26
      },
      {
        "fiscal_year": "2020/03",
        "sales": 473100.0,
        "operating_profit": 13000.0,
        "ordinary_profit": 9320.0,
        "net_profit": 1570.0,
        "eps": -1880.0,
        "roe": 27.42,
        "roa": 0.95,
        "operating_margin": 0.29,
        "cost_ratio": 2.76,
        "sga_ratio": 85.28
      },
      {
        "fiscal_year": "2021/03",
        "sales": 522900.0,
        "operating_profit": 51100.0,
        "ordinary_profit": 51200.0,
        "net_profit": 44700.0,
        "eps": 40000.0,
        "roe": 783.33,
        "roa": 22.49,
        "operating_margin": 7.52,
        "cost_ratio": 9.77,
        "sga_ratio": 79.71
      },
      {
        "fiscal_year": "2022/03",
        "sales": 633300.0,
        "operating_profit": 60700.0,
        "ordinary_profit": 66000.0,
        "net_profit": 52100.0,
        "eps": 50900.0,
        "roe": 911.99,
        "roa": 21.73,
        "operating_margin": 8.17,
        "cost_ratio": 9.59,
        "sga_ratio": 80.65
      },
      {
        "fiscal_year": "2023/03",
        "sales": 652000.0,
        "operating_profit": 12500.0,
        "ordinary_profit": 19900.0,
        "net_profit": 8510.0,
        "eps": 18200.0,
        "roe": 148.97,
        "roa": 3.36,
        "operating_margin": 1.35,
        "cost_ratio": 1.92,
        "sga_ratio": 87.83
      },
      {
        "fiscal_year": "2024/03",
        "sales": 646700.0,
        "operating_profit": 31700.0,
        "ordinary_profit": 44500.0,
        "net_profit": 26000.0,
        "eps": 39700.0,
        "roe": 454.71,
        "roa": 9.33,
        "operating_margin": 4.06,
        "cost_ratio": 4.9,
        "sga_ratio": 85.25
      },
      {
        "fiscal_year": "2025/03",
        "sales": 695000.0,
        "operating_profit": 56000.0,
        "ordinary_profit": 55000.0,
        "net_profit": 46500.0,
        "roe": 813.18,
        "roa": 14.97,
        "operating_margin": 7.27,
        "cost_ratio": 8.06
      }
    ],
    "dividend_data": [
      {
        "fiscal_year": "2010/03",
        "total_dividend": 3.0,
        "dividend_yield": 1.07
      },
      {
        "fiscal_year": "2011/03",
        "total_dividend": 6.0,
        "dividend_yield": 2.08
      },
      {
        "fiscal_year": "2012/03",
        "total_dividend": 3.0,
        "dividend_yield": 1.29
      },
      {
        "fiscal_year": "2013/03",
        "total_dividend": 3.0,
        "dividend_yield": 1.24
      }
    ]
  },
  {
    "code": 5707,
    "name": "東邦亜鉛",
    "annual_data": [
      {
        "date": "2010/03/31",
        "per": 13.4,
        "pbr": 1.13,
        "is_per_red": false,
        "is_pbr_red": false
      },
      {
        "date": "2011/03/31",
        "per": 6.99,
        "pbr": 0.88,
        "is_per_red": false,
        "is_pbr_red": false
      },
      {
        "date": "2012/03/30",
        "per": 50.42,
        "pbr": 0.83,
        "is_per_red": false,
        "is_pbr_red": false
      },
      {
        "date": "2013/03/29",
        "per": -1,
        "pbr": 0.91,
        "is_per_red": true,
        "is_pbr_red": false
      },
      {
        "date": "2014/03/31",
        "per": 25.45,
        "pbr": 0.71,
        "is_per_red": false,
        "is_pbr_red": false
      },
      {
        "date": "2015/03/31",
        "per": 18.76,
        "pbr": 0.8,
        "is_per_red": false,
        "is_pbr_red": false
      },
      {
        "date": "2016/03/31",
        "per": -1,
        "pbr": 0.88,
        "is_per_red": true,
        "is_pbr_red": false
      },
      {
        "date": "2017/03/31",
        "per": 8.41,
        "pbr": 1.43,
        "is_per_red": false,
        "is_pbr_red": false
      },
      {
        "date": "2018/03/30",
        "per": 6.62,
        "pbr": 1.1,
        "is_per_red": false,
        "is_pbr_red": false
      },
      {
        "date": "2019/03/29",
        "per": -1,
        "pbr": 0.77,
        "is_per_red": true,
        "is_pbr_red": false
      },
      {
        "date": "2020/03/31",
        "per": -1,
        "pbr": 0.45,
        "is_per_red": true,
        "is_pbr_red": false
      },
      {
        "date": "2021/03/31",
        "per": 5.89,
        "pbr": 0.78,
        "is_per_red": false,
        "is_pbr_red": false
      },
      {
        "date": "2022/03/31",
        "per": 5.05,
        "pbr": 0.87,
        "is_per_red": false,
        "is_pbr_red": false
      },
      {
        "date": "2023/03/31",
        "per": 34.8,
        "pbr": 0.55,
        "is_per_red": false,
        "is_pbr_red": false
      },
      {
        "date": "2024/03/29",
        "per": -1,
        "pbr": 5.75,
        "is_per_red": true,
        "is_pbr_red": false
      }
    ],
    "daily_data": [],
    "financial_data": [
      {
        "fiscal_year": "2008/03",
        "sales": 147400.0,
        "operating_profit": 17300.0,
        "ordinary_profit": 17300.0,
        "net_profit": 9950.0,
        "roa": 17.38,
        "operating_margin": 7.98,
        "cost_ratio": 11.73,
        "sga_ratio": 84.01
      },
      {
        "fiscal_year": "2009/03",
        "sales": 92700.0,
        "operating_profit": 1889.9999999999998,
        "ordinary_profit": -1019.9999999999999,
        "net_profit": -5230.0,
        "roa": -1,
        "operating_margin": -1,
        "cost_ratio": 2.04,
        "sga_ratio": 91.81
      },
      {
        "fiscal_year": "2010/03",
        "sales": 83600.0,
        "operating_profit": 8300.0,
        "ordinary_profit": 8870.0,
        "net_profit": 4650.0,
        "roe": 34.26,
        "roa": 8.45,
        "operating_margin": 4.13,
        "cost_ratio": 9.93,
        "sga_ratio": 83.56
      },
      {
        "fiscal_year": "2011/03",
        "sales": 103600.0,
        "operating_profit": 8500.0,
        "ordinary_profit": 8730.0,
        "net_profit": 7550.0,
        "eps": 6000.0,
        "roe": 55.54,
        "roa": 12.55,
        "operating_margin": 5.35,
        "cost_ratio": 8.2,
        "sga_ratio": 84.55
      },
      {
        "fiscal_year": "2012/03",
        "sales": 105900.0,
        "operating_profit": 2800.0,
        "ordinary_profit": 2880.0,
        "net_profit": 1010.0,
        "eps": 1739.9999999999998,
        "roe": 7.4,
        "roa": 1.65,
        "operating_margin": 0.67,
        "cost_ratio": 2.65,
        "sga_ratio": 90.1
      },
      {
        "fiscal_year": "2013/03",
        "sales": 103700.0,
        "operating_profit": 534.0,
        "ordinary_profit": 2640.0,
        "net_profit": -5160.0,
        "eps": -3340.0,
        "roe": -37.95,
        "roa": -1,
        "operating_margin": -1,
        "cost_ratio": 0.52,
        "sga_ratio": 91.13
      },
      {
        "fiscal_year": "2014/03",
        "sales": 118600.0,
        "operating_profit": 5750.0,
        "ordinary_profit": 4430.0,
        "net_profit": 1670.0,
        "eps": 3810.0,
        "roe": 12.3,
        "roa": 2.79,
        "operating_margin": 1.15,
        "cost_ratio": 4.85,
        "sga_ratio": 87.13
      },
      {
        "fiscal_year": "2015/03",
        "sales": 121100.0,
        "operating_profit": 6900.0,
        "ordinary_profit": 5570.0,
        "net_profit": 2740.0,
        "eps": 4970.0,
        "roe": 20.2,
        "roa": 4.25,
        "operating_margin": 1.8,
        "cost_ratio": 5.69,
        "sga_ratio": 85.34
      },
      {
        "fiscal_year": "2016/03",
        "sales": 114100.0,
        "operating_profit": 1400.0,
        "ordinary_profit": 1010.0,
        "net_profit": -16200.0,
        "eps": -19400.0,
        "roe": -119.45,
        "roa": -1,
        "operating_margin": -1,
        "cost_ratio": 1.22,
        "sga_ratio": 89.48
      },
      {
        "fiscal_year": "2017/03",
        "sales": 114000.0,
        "operating_profit": 12800.0,
        "ordinary_profit": 12500.0,
        "net_profit": 8810.0,
        "eps": 8470.0,
        "roe": 64.91,
        "roa": 16.96,
        "operating_margin": 6.8,
        "cost_ratio": 11.2,
        "sga_ratio": 81.51
      },
      {
        "fiscal_year": "2018/03",
        "sales": 133600.0,
        "operating_profit": 13100.0,
        "ordinary_profit": 13200.0,
        "net_profit": 10400.0,
        "eps": 11800.0,
        "roe": 763.9,
        "roa": 16.63,
        "operating_margin": 7.56,
        "cost_ratio": 9.81,
        "sga_ratio": 83.7
      },
      {
        "fiscal_year": "2019/03",
        "sales": 117600.0,
        "operating_profit": 531.0,
        "ordinary_profit": 969.0,
        "net_profit": -2550.0,
        "eps": -5180.0,
        "roe": -187.8,
        "roa": -1,
        "operating_margin": -1,
        "cost_ratio": 0.45,
        "sga_ratio": 91.79
      },
      {
        "fiscal_year": "2020/03",
        "sales": 97400.0,
        "operating_profit": -14200.0,
        "ordinary_profit": -14400.0,
        "net_profit": -18400.0,
        "eps": -18200.0,
        "roe": -1352.44,
        "roa": -1,
        "operating_margin": -1,
        "cost_ratio": -14.59,
        "sga_ratio": 105.78
      },
      {
        "fiscal_year": "2021/03",
        "sales": 103500.0,
        "operating_profit": 5890.0,
        "ordinary_profit": 5420.0,
        "net_profit": 5510.0,
        "eps": 5160.0,
        "roe": 405.65,
        "roa": 13.28,
        "operating_margin": 4.85,
        "cost_ratio": 5.7,
        "sga_ratio": 87.01
      },
      {
        "fiscal_year": "2022/03",
        "sales": 124300.0,
        "operating_profit": 10500.0,
        "ordinary_profit": 9350.0,
        "net_profit": 7920.0,
        "eps": 5180.0,
        "roe": 583.44,
        "roa": 17.24,
        "operating_margin": 5.43,
        "cost_ratio": 8.46,
        "sga_ratio": 85.38
      },
      {
        "fiscal_year": "2023/03",
        "sales": 145800.0,
        "operating_profit": 4050.0,
        "ordinary_profit": 3140.0,
        "net_profit": 794.0,
        "eps": 5570.0,
        "roe": 58.48,
        "roa": 1.57,
        "operating_margin": 0.56,
        "cost_ratio": 2.78,
        "sga_ratio": 91.52
      },
      {
        "fiscal_year": "2024/03",
        "sales": 130800.0,
        "operating_profit": -690.0,
        "ordinary_profit": -10700.0,
        "net_profit": -46500.0,
        "eps": -46800.0,
        "roe": -3421.25,
        "roa": -1,
        "operating_margin": -1,
        "cost_ratio": -0.53,
        "sga_ratio": 93.55
      }
    ],
    "dividend_data": [
      {
        "fiscal_year": "2010/03",
        "total_dividend": 1.53
      },
      {
        "fiscal_year": "2011/03",
        "total_dividend": 1.8
      },
      {
        "fiscal_year": "2012/03",
        "total_dividend": 1.88
      },
      {
        "fiscal_year": "2013/03",
        "total_dividend": 1.32
      }
    ]
  },
  {
    "code": 5711,
    "name": "三菱マテリアル",
    "annual_data": [
      {
        "date": "2010/03/31",
        "per": -1,
        "pbr": 1.04,
        "is_per_red": true,
        "is_pbr_red": false
      },
      {
        "date": "2011/03/31",
        "per": 25.98,
        "pbr": 1.08,
        "is_per_red": false,
        "is_pbr_red": false
      },
      {
        "date": "2012/03/30",
        "per": 36.02,
        "pbr": 0.98,
        "is_per_red": false,
        "is_pbr_red": false
      },
      {
        "date": "2013/03/29",
        "per": 9.54,
        "pbr": 0.87,
        "is_per_red": false,
        "is_pbr_red": false
      },
      {
        "date": "2014/03/31",
        "per": 7.31,
        "pbr": 0.84,
        "is_per_red": false,
        "is_pbr_red": false
      },
      {
        "date": "2015/03/31",
        "per": 9.43,
        "pbr": 0.96,
        "is_per_red": false,
        "is_pbr_red": false
      },
      {
        "date": "2016/03/31",
        "per": 6.79,
        "pbr": 0.75,
        "is_per_red": false,
        "is_pbr_red": false
      },
      {
        "date": "2017/03/31",
        "per": 15.57,
        "pbr": 0.71,
        "is_per_red": false,
        "is_pbr_red": false
      },
      {
        "date": "2018/03/30",
        "per": 12.11,
        "pbr": 0.61,
        "is_per_red": false,
        "is_pbr_red": false
      },
      {
        "date": "2019/03/29",
        "per": 294.85,
        "pbr": 0.6,
        "is_per_red": false,
        "is_pbr_red": false
      },
      {
        "date": "2020/03/31",
        "per": -1,
        "pbr": 0.57,
        "is_per_red": true,
        "is_pbr_red": false
      },
      {
        "date": "2021/03/31",
        "per": 13.84,
        "pbr": 0.62,
        "is_per_red": false,
        "is_pbr_red": false
      },
      {
        "date": "2022/03/31",
        "per": 6.22,
        "pbr": 0.48,
        "is_per_red": false,
        "is_pbr_red": false
      },
      {
        "date": "2023/03/31",
        "per": 13.86,
        "pbr": 0.47,
        "is_per_red": false,
        "is_pbr_red": false
      },
      {
        "date": "2024/03/29",
        "per": 12.79,
        "pbr": 0.58,
        "is_per_red": false,
        "is_pbr_red": false
      }
    ],
    "daily_data": [],
    "financial_data": [
      {
        "fiscal_year": "2008/03",
        "sales": 1660000.0,
        "operating_profit": 100100.0,
        "ordinary_profit": 136000.0,
        "net_profit": 74300.0,
        "roa": 16.03,
        "operating_margin": 4.0,
        "cost_ratio": 6.04,
        "sga_ratio": 85.91
      },
      {
        "fiscal_year": "2009/03",
        "sales": 1420000.0,
        "operating_profit": 35100.0,
        "ordinary_profit": 40000.0,
        "net_profit": 6110.0,
        "roa": 1.67,
        "operating_margin": 0.35,
        "cost_ratio": 2.47,
        "sga_ratio": 87.85
      },
      {
        "fiscal_year": "2010/03",
        "sales": 1120000.0,
        "operating_profit": 12700.0,
        "ordinary_profit": -9540.0,
        "net_profit": -66600.0,
        "roe": -50.62,
        "roa": -1,
        "operating_margin": -1,
        "cost_ratio": 1.13,
        "sga_ratio": 87.73
      },
      {
        "fiscal_year": "2011/03",
        "sales": 1330000.0,
        "operating_profit": 57300.0,
        "ordinary_profit": 56400.0,
        "net_profit": 14300.0,
        "eps": 4340.0,
        "roe": 10.86,
        "roa": 4.15,
        "operating_margin": 0.78,
        "cost_ratio": 4.29,
        "sga_ratio": 85.54
      },
      {
        "fiscal_year": "2012/03",
        "sales": 1440000.0,
        "operating_profit": 52300.0,
        "ordinary_profit": 42500.0,
        "net_profit": 9570.0,
        "eps": 14000.0,
        "roe": 7.27,
        "roa": 2.72,
        "operating_margin": 0.55,
        "cost_ratio": 3.63,
        "sga_ratio": 86.74
      },
      {
        "fiscal_year": "2013/03",
        "sales": 1290000.0,
        "operating_profit": 52500.0,
        "ordinary_profit": 74400.0,
        "net_profit": 36900.0,
        "eps": 90300.0,
        "roe": 28.1,
        "roa": 9.12,
        "operating_margin": 2.04,
        "cost_ratio": 4.08,
        "sga_ratio": 85.03
      },
      {
        "fiscal_year": "2014/03",
        "sales": 1410000.0,
        "operating_profit": 66300.0,
        "ordinary_profit": 76900.0,
        "net_profit": 52600.0,
        "eps": 84600.0,
        "roe": 40.1,
        "roa": 11.51,
        "operating_margin": 2.95,
        "cost_ratio": 4.68,
        "sga_ratio": 86.26
      },
      {
        "fiscal_year": "2015/03",
        "sales": 1520000.0,
        "operating_profit": 71900.0,
        "ordinary_profit": 81100.0,
        "net_profit": 56100.0,
        "eps": 121000.0,
        "roe": 42.85,
        "roa": 10.19,
        "operating_margin": 2.96,
        "cost_ratio": 4.74,
        "sga_ratio": 86.55
      },
      {
        "fiscal_year": "2016/03",
        "sales": 1420000.0,
        "operating_profit": 70400.0,
        "ordinary_profit": 72400.0,
        "net_profit": 61300.0,
        "eps": 19700.0,
        "roe": 46.8,
        "roa": 11.04,
        "operating_margin": 3.42,
        "cost_ratio": 4.97,
        "sga_ratio": 84.94
      },
      {
        "fiscal_year": "2017/03",
        "sales": 1300000.0,
        "operating_profit": 59800.0,
        "ordinary_profit": 63900.0,
        "net_profit": 28400.0,
        "eps": 68700.0,
        "roe": 216.44,
        "roa": 4.56,
        "operating_margin": 1.49,
        "cost_ratio": 4.58,
        "sga_ratio": 84.69
      },
      {
        "fiscal_year": "2018/03",
        "sales": 1600000.0,
        "operating_profit": 72800.0,
        "ordinary_profit": 79600.0,
        "net_profit": 34600.0,
        "eps": 80100.0,
        "roe": 264.14,
        "roa": 5.07,
        "operating_margin": 1.72,
        "cost_ratio": 4.55,
        "sga_ratio": 86.27
      },
      {
        "fiscal_year": "2019/03",
        "sales": 1660000.0,
        "operating_profit": 36900.0,
        "ordinary_profit": 50700.0,
        "net_profit": 1300.0,
        "eps": -30800.0,
        "roe": 9.91,
        "roa": 0.2,
        "operating_margin": 0.07,
        "cost_ratio": 2.22,
        "sga_ratio": 88.39
      },
      {
        "fiscal_year": "2020/03",
        "sales": 1520000.0,
        "operating_profit": 38000.0,
        "ordinary_profit": 49600.0,
        "net_profit": -72900.0,
        "eps": -114000.0,
        "roe": -556.34,
        "roa": -1,
        "operating_margin": -1,
        "cost_ratio": 2.5,
        "sga_ratio": 87.42
      },
      {
        "fiscal_year": "2021/03",
        "sales": 1490000.0,
        "operating_profit": 26600.0,
        "ordinary_profit": 44500.0,
        "net_profit": 24400.0,
        "eps": 64800.0,
        "roe": 186.71,
        "roa": 4.48,
        "operating_margin": 1.2,
        "cost_ratio": 1.79,
        "sga_ratio": 88.39
      },
      {
        "fiscal_year": "2022/03",
        "sales": 1810000.0,
        "operating_profit": 52700.0,
        "ordinary_profit": 76100.0,
        "net_profit": 45000.0,
        "eps": 63200.0,
        "roe": 344.56,
        "roa": 7.7,
        "operating_margin": 2.12,
        "cost_ratio": 2.91,
        "sga_ratio": 88.48
      },
      {
        "fiscal_year": "2023/03",
        "sales": 1630000.0,
        "operating_profit": 50100.0,
        "ordinary_profit": 25300.0,
        "net_profit": 20300.0,
        "eps": 42400.0,
        "roe": 155.6,
        "roa": 3.43,
        "operating_margin": 1.07,
        "cost_ratio": 3.08,
        "sga_ratio": 89.13
      },
      {
        "fiscal_year": "2024/03",
        "sales": 1540000.0,
        "operating_profit": 23300.0,
        "ordinary_profit": 54100.0,
        "net_profit": 29800.0,
        "eps": 82500.0,
        "roe": 228.07,
        "roa": 4.56,
        "operating_margin": 1.37,
        "cost_ratio": 1.51,
        "sga_ratio": 90.38
      },
      {
        "fiscal_year": "2025/03",
        "sales": 1950000.0,
        "operating_profit": 41000.0,
        "ordinary_profit": 63000.0,
        "net_profit": 45000.0,
        "roe": 344.41,
        "roa": 6.81,
        "operating_margin": 2.0,
        "cost_ratio": 2.1
      }
    ],
    "dividend_data": [
      {
        "fiscal_year": "2011/03",
        "total_dividend": 2.0,
        "dividend_yield": 0.71
      },
      {
        "fiscal_year": "2012/03",
        "total_dividend": 2.0,
        "dividend_yield": 0.76
      },
      {
        "fiscal_year": "2013/03",
        "total_dividend": 4.0,
        "dividend_yield": 1.49
      }
    ]
  },
  {
    "code": 5713,
    "name": "住友金属鉱山",
    "annual_data": [
      {
        "date": "2010/03/31",
        "per": 15.0,
        "pbr": 1.32,
        "is_per_red": false,
        "is_pbr_red": false
      },
      {
        "date": "2011/03/31",
        "per": 9.91,
        "pbr": 1.22,
        "is_per_red": false,
        "is_pbr_red": false
      },
      {
        "date": "2012/03/30",
        "per": 10.36,
        "pbr": 0.93,
        "is_per_red": false,
        "is_pbr_red": false
      },
      {
        "date": "2013/03/29",
        "per": 9.02,
        "pbr": 0.99,
        "is_per_red": false,
        "is_pbr_red": false
      },
      {
        "date": "2014/03/31",
        "per": 8.92,
        "pbr": 0.84,
        "is_per_red": false,
        "is_pbr_red": false
      },
      {
        "date": "2015/03/31",
        "per": 10.65,
        "pbr": 1.06,
        "is_per_red": false,
        "is_pbr_red": false
      },
      {
        "date": "2016/03/31",
        "per": -1,
        "pbr": 0.69,
        "is_per_red": true,
        "is_pbr_red": false
      },
      {
        "date": "2017/03/31",
        "per": -1,
        "pbr": 0.91,
        "is_per_red": true,
        "is_pbr_red": false
      },
      {
        "date": "2018/03/30",
        "per": 13.69,
        "pbr": 1.2,
        "is_per_red": false,
        "is_pbr_red": false
      },
      {
        "date": "2019/03/29",
        "per": 13.45,
        "pbr": 0.86,
        "is_per_red": false,
        "is_pbr_red": false
      },
      {
        "date": "2020/03/31",
        "per": 10.06,
        "pbr": 0.61,
        "is_per_red": false,
        "is_pbr_red": false
      },
      {
        "date": "2021/03/31",
        "per": 13.88,
        "pbr": 1.18,
        "is_per_red": false,
        "is_pbr_red": false
      },
      {
        "date": "2022/03/31",
        "per": 6.03,
        "pbr": 1.17,
        "is_per_red": false,
        "is_pbr_red": false
      },
      {
        "date": "2023/03/31",
        "per": 8.64,
        "pbr": 0.85,
        "is_per_red": false,
        "is_pbr_red": false
      },
      {
        "date": "2024/03/29",
        "per": 21.51,
        "pbr": 0.71,
        "is_per_red": false,
        "is_pbr_red": false
      }
    ],
    "daily_data": [],
    "financial_data": [
      {
        "fiscal_year": "2008/03",
        "sales": 1130000.0,
        "operating_profit": 155400.0,
        "ordinary_profit": 217900.0,
        "net_profit": 137800.0,
        "roa": 23.75,
        "operating_margin": 12.62,
        "cost_ratio": 13.72,
        "sga_ratio": 82.5
      },
      {
        "fiscal_year": "2009/03",
        "sales": 790000.0,
        "operating_profit": 10500.0,
        "ordinary_profit": 32600.0,
        "net_profit": 22000.0,
        "roa": 3.98,
        "operating_margin": 2.5,
        "cost_ratio": 1.33,
        "sga_ratio": 92.83
      },
      {
        "fiscal_year": "2010/03",
        "sales": 730000.0,
        "operating_profit": 66300.0,
        "ordinary_profit": 87800.0,
        "net_profit": 54000.0,
        "roe": 92.76,
        "roa": 8.81,
        "operating_margin": 5.5,
        "cost_ratio": 9.13,
        "sga_ratio": 85.4
      },
      {
        "fiscal_year": "2011/03",
        "sales": 860000.0,
        "operating_profit": 96000.0,
        "ordinary_profit": 123700.0,
        "net_profit": 84000.0,
        "eps": 60900.0,
        "roe": 144.36,
        "roa": 12.3,
        "operating_margin": 7.98,
        "cost_ratio": 11.11,
        "sga_ratio": 83.94
      },
      {
        "fiscal_year": "2012/03",
        "sales": 850000.0,
        "operating_profit": 88600.0,
        "ordinary_profit": 108800.0,
        "net_profit": 65300.0,
        "eps": 47300.0,
        "roe": 112.25,
        "roa": 8.94,
        "operating_margin": 5.69,
        "cost_ratio": 10.45,
        "sga_ratio": 84.38
      },
      {
        "fiscal_year": "2013/03",
        "sales": 810000.0,
        "operating_profit": 95800.0,
        "ordinary_profit": 115000.0,
        "net_profit": 86600.0,
        "eps": 145500.0,
        "roe": 148.96,
        "roa": 10.94,
        "operating_margin": 6.41,
        "cost_ratio": 11.85,
        "sga_ratio": 82.6
      },
      {
        "fiscal_year": "2014/03",
        "sales": 830000.0,
        "operating_profit": 75400.0,
        "ordinary_profit": 114400.0,
        "net_profit": 80300.0,
        "eps": 191400.0,
        "roe": 145.35,
        "roa": 9.42,
        "operating_margin": 5.1,
        "cost_ratio": 9.08,
        "sga_ratio": 84.97
      },
      {
        "fiscal_year": "2015/03",
        "sales": 920000.0,
        "operating_profit": 125800.0,
        "ordinary_profit": 174200.0,
        "net_profit": 91100.0,
        "eps": 163900.0,
        "roe": 165.11,
        "roa": 9.94,
        "operating_margin": 5.24,
        "cost_ratio": 13.65,
        "sga_ratio": 81.09
      },
      {
        "fiscal_year": "2016/03",
        "sales": 860000.0,
        "operating_profit": 59700.0,
        "ordinary_profit": -12800.0,
        "net_profit": -309.0,
        "eps": -65000.0,
        "roe": -0.56,
        "roa": -1,
        "operating_margin": -1,
        "cost_ratio": 6.98,
        "sga_ratio": 86.69
      },
      {
        "fiscal_year": "2017/03",
        "sales": 790000.0,
        "operating_profit": 76400.0,
        "ordinary_profit": -1570.0,
        "net_profit": -18500.0,
        "eps": -28000.0,
        "roe": -33.61,
        "roa": -1,
        "operating_margin": -1,
        "cost_ratio": 9.72,
        "sga_ratio": 84.44
      },
      {
        "fiscal_year": "2018/03",
        "sales": 930000.0,
        "ordinary_profit": 124900.0,
        "net_profit": 90200.0,
        "eps": 88900.0,
        "roe": 327.26,
        "roa": 8.77,
        "operating_margin": 5.21,
        "cost_ratio": 11.1,
        "sga_ratio": 83.97
      },
      {
        "fiscal_year": "2019/03",
        "sales": 910000.0,
        "ordinary_profit": 82200.0,
        "net_profit": 66800.0,
        "eps": 50400.0,
        "roe": 243.06,
        "roa": 6.38,
        "operating_margin": 3.72,
        "cost_ratio": 8.47,
        "sga_ratio": 86.12
      },
      {
        "fiscal_year": "2020/03",
        "sales": 850000.0,
        "net_profit": 60600.0,
        "eps": 28500.0,
        "roe": 220.54,
        "roa": 6.05,
        "operating_margin": 3.52,
        "cost_ratio": 7.09,
        "sga_ratio": 87.15
      },
      {
        "fiscal_year": "2021/03",
        "sales": 930000.0,
        "net_profit": 94600.0,
        "eps": 128800.0,
        "roe": 344.29,
        "roa": 8.49,
        "operating_margin": 5.02,
        "cost_ratio": 11.29,
        "sga_ratio": 83.71
      },
      {
        "fiscal_year": "2022/03",
        "sales": 1260000.0,
        "net_profit": 281000.0,
        "eps": 387100.0,
        "roe": 1022.8,
        "roa": 19.44,
        "operating_margin": 12.39,
        "cost_ratio": 16.29,
        "sga_ratio": 79.53
      },
      {
        "fiscal_year": "2023/03",
        "sales": 1420000.0,
        "net_profit": 160600.0,
        "eps": 287100.0,
        "roe": 584.44,
        "roa": 9.84,
        "operating_margin": 5.93,
        "cost_ratio": 13.08,
        "sga_ratio": 82.42
      },
      {
        "fiscal_year": "2024/03",
        "sales": 1450000.0,
        "net_profit": 58600.0,
        "eps": 194700.0,
        "roe": 213.28,
        "roa": 3.28,
        "operating_margin": 1.94,
        "cost_ratio": 6.81,
        "sga_ratio": 88.51
      },
      {
        "fiscal_year": "2025/03",
        "sales": 1560000.0,
        "net_profit": 72000.0,
        "roe": 262.05,
        "roa": 3.68,
        "operating_margin": 2.21
      }
    ],
    "dividend_data": [
      {
        "fiscal_year": "2010/03",
        "total_dividend": 20.0,
        "dividend_yield": 20.0
      },
      {
        "fiscal_year": "2011/03",
        "total_dividend": 32.0,
        "dividend_yield": 32.0
      },
      {
        "fiscal_year": "2012/03",
        "total_dividend": 28.0,
        "dividend_yield": 28.0
      },
      {
        "fiscal_year": "2013/03",
        "total_dividend": 34.0,
        "dividend_yield": 34.0
      }
    ]
  },
  {
    "code": 5714,
    "name": "ＤＯＷＡホールディングス",
    "annual_data": [
      {
        "date": "2010/03/31",
        "per": 40.03,
        "pbr": 1.65,
        "is_per_red": false,
        "is_pbr_red": false
      },
      {
        "date": "2011/03/31",
        "per": 18.84,
        "pbr": 1.5,
        "is_per_red": false,
        "is_pbr_red": false
      },
      {
        "date": "2012/03/30",
        "per": 16.07,
        "pbr": 1.5,
        "is_per_red": false,
        "is_pbr_red": false
      },
      {
        "date": "2013/03/29",
        "per": 15.0,
        "pbr": 1.71,
        "is_per_red": false,
        "is_pbr_red": false
      },
      {
        "date": "2014/03/31",
        "per": 10.94,
        "pbr": 1.61,
        "is_per_red": false,
        "is_pbr_red": false
      },
      {
        "date": "2015/03/31",
        "per": 11.46,
        "pbr": 1.63,
        "is_per_red": false,
        "is_pbr_red": false
      },
      {
        "date": "2016/03/31",
        "per": 8.5,
        "pbr": 0.95,
        "is_per_red": false,
        "is_pbr_red": false
      },
      {
        "date": "2017/03/31",
        "per": 9.07,
        "pbr": 1.08,
        "is_per_red": false,
        "is_pbr_red": false
      },
      {
        "date": "2018/03/30",
        "per": 9.13,
        "pbr": 0.94,
        "is_per_red": false,
        "is_pbr_red": false
      },
      {
        "date": "2019/03/29",
        "per": 14.38,
        "pbr": 0.91,
        "is_per_red": false,
        "is_pbr_red": false
      },
      {
        "date": "2020/03/31",
        "per": 9.63,
        "pbr": 0.68,
        "is_per_red": false,
        "is_pbr_red": false
      },
      {
        "date": "2021/03/31",
        "per": 12.5,
        "pbr": 1.03,
        "is_per_red": false,
        "is_pbr_red": false
      },
      {
        "date": "2022/03/31",
        "per": 6.54,
        "pbr": 1.06,
        "is_per_red": false,
        "is_pbr_red": false
      },
      {
        "date": "2023/03/31",
        "per": 10.09,
        "pbr": 0.73,
        "is_per_red": false,
        "is_pbr_red": false
      },
      {
        "date": "2024/03/29",
        "per": 11.39,
        "pbr": 0.85,
        "is_per_red": false,
        "is_pbr_red": false
      }
    ],
    "daily_data": [],
    "financial_data": [
      {
        "fiscal_year": "2008/03",
        "sales": 475800.0,
        "operating_profit": 44300.0,
        "ordinary_profit": 44900.0,
        "net_profit": 24500.0,
        "roa": 17.0,
        "operating_margin": 6.66,
        "cost_ratio": 9.31,
        "sga_ratio": 84.04
      },
      {
        "fiscal_year": "2009/03",
        "sales": 346900.0,
        "operating_profit": -8500.0,
        "ordinary_profit": -13400.0,
        "net_profit": -28100.0,
        "roa": -1,
        "operating_margin": -1,
        "cost_ratio": -2.45,
        "sga_ratio": 94.94
      },
      {
        "fiscal_year": "2010/03",
        "sales": 307500.0,
        "operating_profit": 13700.0,
        "ordinary_profit": 13800.0,
        "net_profit": 4360.0,
        "roe": 14.06,
        "roa": 4.11,
        "operating_margin": 1.32,
        "cost_ratio": 4.46,
        "sga_ratio": 87.41
      },
      {
        "fiscal_year": "2011/03",
        "sales": 379800.0,
        "operating_profit": 22900.0,
        "ordinary_profit": 23400.0,
        "net_profit": 8520.0,
        "eps": 5370.0,
        "roe": 27.49,
        "roa": 7.98,
        "operating_margin": 2.5,
        "cost_ratio": 6.04,
        "sga_ratio": 86.98
      },
      {
        "fiscal_year": "2012/03",
        "sales": 392500.0,
        "operating_profit": 22000.0,
        "ordinary_profit": 20900.0,
        "net_profit": 10600.0,
        "eps": 10800.0,
        "roe": 34.23,
        "roa": 9.32,
        "operating_margin": 3.32,
        "cost_ratio": 5.61,
        "sga_ratio": 87.4
      },
      {
        "fiscal_year": "2013/03",
        "sales": 419400.0,
        "operating_profit": 24600.0,
        "ordinary_profit": 27300.0,
        "net_profit": 15200.0,
        "eps": 23200.0,
        "roe": 49.08,
        "roa": 11.39,
        "operating_margin": 4.35,
        "cost_ratio": 5.86,
        "sga_ratio": 87.26
      },
      {
        "fiscal_year": "2014/03",
        "sales": 444000.0,
        "operating_profit": 31800.0,
        "ordinary_profit": 35100.0,
        "net_profit": 23300.0,
        "eps": 29300.0,
        "roe": 78.76,
        "roa": 14.73,
        "operating_margin": 6.5,
        "cost_ratio": 7.16,
        "sga_ratio": 86.06
      },
      {
        "fiscal_year": "2015/03",
        "sales": 464200.0,
        "operating_profit": 39100.0,
        "ordinary_profit": 42000.0,
        "net_profit": 26500.0,
        "eps": 34900.0,
        "roe": 89.69,
        "roa": 14.18,
        "operating_margin": 7.0,
        "cost_ratio": 8.42,
        "sga_ratio": 84.34
      },
      {
        "fiscal_year": "2016/03",
        "sales": 406600.0,
        "operating_profit": 35100.0,
        "ordinary_profit": 35100.0,
        "net_profit": 21800.0,
        "eps": 13000.0,
        "roe": 73.75,
        "roa": 11.2,
        "operating_margin": 5.99,
        "cost_ratio": 8.62,
        "sga_ratio": 82.96
      },
      {
        "fiscal_year": "2017/03",
        "sales": 410500.0,
        "operating_profit": 34000.0,
        "ordinary_profit": 36500.0,
        "net_profit": 26200.0,
        "eps": 30100.0,
        "roe": 88.43,
        "roa": 11.93,
        "operating_margin": 6.47,
        "cost_ratio": 8.28,
        "sga_ratio": 83.11
      },
      {
        "fiscal_year": "2018/03",
        "sales": 454800.0,
        "operating_profit": 30900.0,
        "ordinary_profit": 36400.0,
        "net_profit": 24700.0,
        "eps": 25600.0,
        "roe": 417.21,
        "roa": 10.34,
        "operating_margin": 5.41,
        "cost_ratio": 6.81,
        "sga_ratio": 85.28
      },
      {
        "fiscal_year": "2019/03",
        "sales": 452900.0,
        "operating_profit": 18700.0,
        "ordinary_profit": 24300.0,
        "net_profit": 15000.0,
        "eps": 5020.0,
        "roe": 253.21,
        "roa": 6.32,
        "operating_margin": 3.03,
        "cost_ratio": 4.12,
        "sga_ratio": 87.54
      },
      {
        "fiscal_year": "2020/03",
        "sales": 485100.0,
        "operating_profit": 26000.0,
        "ordinary_profit": 29000.0,
        "net_profit": 17400.0,
        "eps": 18300.0,
        "roe": 293.91,
        "roa": 7.01,
        "operating_margin": 3.39,
        "cost_ratio": 5.35,
        "sga_ratio": 86.91
      },
      {
        "fiscal_year": "2021/03",
        "sales": 588000.0,
        "operating_profit": 37500.0,
        "ordinary_profit": 37200.0,
        "net_profit": 21800.0,
        "eps": 25300.0,
        "roe": 368.44,
        "roa": 8.21,
        "operating_margin": 3.65,
        "cost_ratio": 6.37,
        "sga_ratio": 87.1
      },
      {
        "fiscal_year": "2022/03",
        "sales": 831800.0,
        "operating_profit": 63800.0,
        "ordinary_profit": 76100.0,
        "net_profit": 51000.0,
        "eps": 60200.0,
        "roe": 857.31,
        "roa": 16.27,
        "operating_margin": 7.76,
        "cost_ratio": 7.67,
        "sga_ratio": 87.21
      },
      {
        "fiscal_year": "2023/03",
        "sales": 780100.0,
        "operating_profit": 44600.0,
        "ordinary_profit": 55500.0,
        "net_profit": 25000.0,
        "eps": 44500.0,
        "roe": 420.76,
        "roa": 7.26,
        "operating_margin": 3.82,
        "cost_ratio": 5.72,
        "sga_ratio": 88.36
      },
      {
        "fiscal_year": "2024/03",
        "sales": 717200.0,
        "operating_profit": 30000.0,
        "ordinary_profit": 44700.0,
        "net_profit": 27900.0,
        "eps": 38900.0,
        "roe": 467.88,
        "roa": 7.47,
        "operating_margin": 4.4,
        "cost_ratio": 4.18,
        "sga_ratio": 88.64
      },
      {
        "fiscal_year": "2025/03",
        "sales": 700000.0,
        "operating_profit": 32000.0,
        "ordinary_profit": 42000.0,
        "net_profit": 30000.0,
        "roe": 503.78,
        "roa": 7.67,
        "operating_margin": 4.52,
        "cost_ratio": 4.57
      }
    ],
    "dividend_data": [
      {
        "fiscal_year": "2010/03",
        "total_dividend": 1.78
      },
      {
        "fiscal_year": "2011/03",
        "total_dividend": 1.93
      },
      {
        "fiscal_year": "2012/03",
        "total_dividend": 1.82
      },
      {
        "fiscal_year": "2013/03",
        "total_dividend": 1.63
      }
    ]
  },
  {
    "code": 5715,
    "name": "古河機械金属",
    "annual_data": [
      {
        "date": "2010/03/31",
        "per": 78.62,
        "pbr": 0.94,
        "is_per_red": false,
        "is_pbr_red": false
      },
      {
        "date": "2011/03/31",
        "per": 61.87,
        "pbr": 0.76,
        "is_per_red": false,
        "is_pbr_red": false
      },
      {
        "date": "2012/03/30",
        "per": -1,
        "pbr": 0.7,
        "is_per_red": true,
        "is_pbr_red": false
      },
      {
        "date": "2013/03/29",
        "per": 14.81,
        "pbr": 0.88,
        "is_per_red": false,
        "is_pbr_red": false
      },
      {
        "date": "2014/03/31",
        "per": 18.9,
        "pbr": 1.37,
        "is_per_red": false,
        "is_pbr_red": false
      },
      {
        "date": "2015/03/31",
        "per": 8.75,
        "pbr": 1.25,
        "is_per_red": false,
        "is_pbr_red": false
      },
      {
        "date": "2016/03/31",
        "per": 13.27,
        "pbr": 1.01,
        "is_per_red": false,
        "is_pbr_red": false
      },
      {
        "date": "2017/03/31",
        "per": 19.47,
        "pbr": 1.07,
        "is_per_red": false,
        "is_pbr_red": false
      },
      {
        "date": "2018/03/30",
        "per": 16.8,
        "pbr": 0.94,
        "is_per_red": false,
        "is_pbr_red": false
      },
      {
        "date": "2019/03/29",
        "per": 11.99,
        "pbr": 0.7,
        "is_per_red": false,
        "is_pbr_red": false
      },
      {
        "date": "2020/03/31",
        "per": 9.45,
        "pbr": 0.55,
        "is_per_red": false,
        "is_pbr_red": false
      },
      {
        "date": "2021/03/31",
        "per": 7.01,
        "pbr": 0.57,
        "is_per_red": false,
        "is_pbr_red": false
      },
      {
        "date": "2022/03/31",
        "per": 7.77,
        "pbr": 0.51,
        "is_per_red": false,
        "is_pbr_red": false
      },
      {
        "date": "2023/03/31",
        "per": 7.89,
        "pbr": 0.47,
        "is_per_red": false,
        "is_pbr_red": false
      },
      {
        "date": "2024/03/29",
        "per": 4.22,
        "pbr": 0.52,
        "is_per_red": false,
        "is_pbr_red": false
      }
    ],
    "daily_data": [],
    "financial_data": [
      {
        "fiscal_year": "2008/03",
        "sales": 213400.0,
        "operating_profit": 14400.0,
        "ordinary_profit": 12900.0,
        "net_profit": 8600.0,
        "roa": 15.83,
        "operating_margin": 4.31,
        "cost_ratio": 6.75,
        "sga_ratio": 85.05
      },
      {
        "fiscal_year": "2009/03",
        "sales": 161900.0,
        "operating_profit": 2300.0,
        "ordinary_profit": 993.0,
        "net_profit": -5920.0,
        "roa": -1,
        "operating_margin": -1,
        "cost_ratio": 1.42,
        "sga_ratio": 88.75
      },
      {
        "fiscal_year": "2010/03",
        "sales": 142900.0,
        "operating_profit": 1600.0,
        "ordinary_profit": 111.00000000000001,
        "net_profit": 585.0,
        "roe": 1.45,
        "roa": 1.2,
        "operating_margin": 0.29,
        "cost_ratio": 1.12,
        "sga_ratio": 89.07
      },
      {
        "fiscal_year": "2011/03",
        "sales": 165600.0,
        "operating_profit": 2820.0,
        "ordinary_profit": 1230.0,
        "net_profit": 563.0,
        "eps": -3270.0000000000005,
        "roe": 1.39,
        "roa": 1.23,
        "operating_margin": 0.29,
        "cost_ratio": 1.7,
        "sga_ratio": 88.36
      },
      {
        "fiscal_year": "2012/03",
        "sales": 157600.0,
        "operating_profit": 2150.0,
        "ordinary_profit": 1270.0,
        "net_profit": -1660.0000000000002,
        "eps": 57.99999999999999,
        "roe": -4.1,
        "roa": -1,
        "operating_margin": -1,
        "cost_ratio": 1.37,
        "sga_ratio": 87.64
      },
      {
        "fiscal_year": "2013/03",
        "sales": 165500.0,
        "operating_profit": 3360.0,
        "ordinary_profit": 2760.0,
        "net_profit": 2980.0,
        "eps": 4290.0,
        "roe": 7.36,
        "roa": 5.94,
        "operating_margin": 1.6,
        "cost_ratio": 2.03,
        "sga_ratio": 87.12
      },
      {
        "fiscal_year": "2014/03",
        "sales": 163000.0,
        "operating_profit": 6890.000000000001,
        "ordinary_profit": 6150.0,
        "net_profit": 3979.9999999999995,
        "eps": 9460.0,
        "roe": 9.84,
        "roa": 7.27,
        "operating_margin": 1.99,
        "cost_ratio": 4.22,
        "sga_ratio": 85.74
      },
      {
        "fiscal_year": "2015/03",
        "sales": 172500.0,
        "operating_profit": 8930.0,
        "ordinary_profit": 6600.0,
        "net_profit": 9790.0,
        "eps": 15800.0,
        "roe": 24.23,
        "roa": 14.24,
        "operating_margin": 4.72,
        "cost_ratio": 5.17,
        "sga_ratio": 85.0
      },
      {
        "fiscal_year": "2016/03",
        "sales": 161800.0,
        "operating_profit": 7990.000000000001,
        "ordinary_profit": 6230.0,
        "net_profit": 5060.0,
        "eps": -223.0,
        "roe": 12.51,
        "roa": 7.61,
        "operating_margin": 2.58,
        "cost_ratio": 4.94,
        "sga_ratio": 84.33
      },
      {
        "fiscal_year": "2017/03",
        "sales": 149800.0,
        "operating_profit": 6550.0,
        "ordinary_profit": 7200.0,
        "net_profit": 4250.0,
        "eps": 13400.0,
        "roe": 10.53,
        "roa": 5.48,
        "operating_margin": 2.04,
        "cost_ratio": 4.37,
        "sga_ratio": 84.23
      },
      {
        "fiscal_year": "2018/03",
        "sales": 167700.0,
        "operating_profit": 7820.0,
        "ordinary_profit": 8109.999999999999,
        "net_profit": 4770.0,
        "eps": 9550.0,
        "roe": 118.16,
        "roa": 5.62,
        "operating_margin": 2.15,
        "cost_ratio": 4.66,
        "sga_ratio": 84.93
      },
      {
        "fiscal_year": "2019/03",
        "sales": 174100.0,
        "operating_profit": 8920.0,
        "ordinary_profit": 8240.0,
        "net_profit": 4650.0,
        "eps": -3390.0,
        "roe": 116.22,
        "roa": 5.95,
        "operating_margin": 2.16,
        "cost_ratio": 5.12,
        "sga_ratio": 84.81
      },
      {
        "fiscal_year": "2020/03",
        "sales": 165200.0,
        "operating_profit": 8690.0,
        "ordinary_profit": 8140.000000000001,
        "net_profit": 4430.0,
        "eps": -60.0,
        "roe": 112.21,
        "roa": 5.87,
        "operating_margin": 2.11,
        "cost_ratio": 5.26,
        "sga_ratio": 84.1
      },
      {
        "fiscal_year": "2021/03",
        "sales": 159700.0,
        "operating_profit": 5590.0,
        "ordinary_profit": 6770.0,
        "net_profit": 7470.0,
        "eps": 18500.0,
        "roe": 190.72,
        "roa": 8.14,
        "operating_margin": 3.42,
        "cost_ratio": 3.5,
        "sga_ratio": 86.1
      },
      {
        "fiscal_year": "2022/03",
        "sales": 199100.0,
        "operating_profit": 7730.0,
        "ordinary_profit": 9000.0,
        "net_profit": 6480.0,
        "eps": 8020.0,
        "roe": 165.85,
        "roa": 6.66,
        "operating_margin": 2.82,
        "cost_ratio": 3.88,
        "sga_ratio": 86.89
      },
      {
        "fiscal_year": "2023/03",
        "sales": 214200.0,
        "operating_profit": 9030.0,
        "ordinary_profit": 9350.0,
        "net_profit": 6210.0,
        "eps": 8830.0,
        "roe": 161.95,
        "roa": 6.03,
        "operating_margin": 2.67,
        "cost_ratio": 4.22,
        "sga_ratio": 86.64
      },
      {
        "fiscal_year": "2024/03",
        "sales": 188300.0,
        "operating_profit": 8520.0,
        "ordinary_profit": 10400.0,
        "net_profit": 16100.0,
        "eps": 30800.0,
        "roe": 429.27,
        "roa": 12.39,
        "operating_margin": 6.19,
        "cost_ratio": 4.53,
        "sga_ratio": 85.0
      },
      {
        "fiscal_year": "2025/03",
        "sales": 187700.0,
        "operating_profit": 8200.0,
        "ordinary_profit": 7400.0,
        "net_profit": 16000.0,
        "roe": 441.31,
        "roa": 12.65,
        "operating_margin": 6.22,
        "cost_ratio": 4.37
      }
    ],
    "dividend_data": [
      {
        "fiscal_year": "2013/03",
        "total_dividend": 2.0,
        "dividend_yield": 1.83
      }
    ]
  },
  {
    "code": 5721,
    "name": "エス・サイエンス",
    "annual_data": [
      {
        "date": "2010/03/31",
        "per": -1,
        "pbr": 0.85,
        "is_per_red": true,
        "is_pbr_red": false
      },
      {
        "date": "2011/03/31",
        "per": -1,
        "pbr": 0.88,
        "is_per_red": true,
        "is_pbr_red": false
      },
      {
        "date": "2012/03/30",
        "per": -1,
        "pbr": 1.43,
        "is_per_red": true,
        "is_pbr_red": false
      },
      {
        "date": "2013/03/29",
        "per": -1,
        "pbr": 2.2,
        "is_per_red": true,
        "is_pbr_red": false
      },
      {
        "date": "2014/03/31",
        "per": 12.36,
        "pbr": 1.91,
        "is_per_red": false,
        "is_pbr_red": false
      },
      {
        "date": "2015/03/31",
        "per": -1,
        "pbr": 2.17,
        "is_per_red": true,
        "is_pbr_red": false
      },
      {
        "date": "2016/03/31",
        "per": 19.9,
        "pbr": 1.61,
        "is_per_red": false,
        "is_pbr_red": false
      },
      {
        "date": "2017/03/31",
        "per": 86.36,
        "pbr": 1.32,
        "is_per_red": false,
        "is_pbr_red": false
      },
      {
        "date": "2018/03/30",
        "per": -1,
        "pbr": 2.75,
        "is_per_red": true,
        "is_pbr_red": false
      },
      {
        "date": "2019/03/29",
        "per": -1,
        "pbr": 2.65,
        "is_per_red": true,
        "is_pbr_red": false
      },
      {
        "date": "2020/03/31",
        "per": 29.06,
        "pbr": 1.66,
        "is_per_red": false,
        "is_pbr_red": false
      },
      {
        "date": "2021/03/31",
        "per": -1,
        "pbr": 2.41,
        "is_per_red": true,
        "is_pbr_red": false
      },
      {
        "date": "2022/03/31",
        "per": -1,
        "pbr": 1.95,
        "is_per_red": true,
        "is_pbr_red": false
      },
      {
        "date": "2023/03/31",
        "per": -1,
        "pbr": 1.35,
        "is_per_red": true,
        "is_pbr_red": false
      },
      {
        "date": "2024/03/29",
        "per": 8.31,
        "pbr": 1.18,
        "is_per_red": false,
        "is_pbr_red": false
      }
    ],
    "daily_data": [],
    "financial_data": [
      {
        "fiscal_year": "2008/03",
        "sales": 8230.0,
        "operating_profit": -1060.0,
        "ordinary_profit": -1019.9999999999999,
        "net_profit": -5580.0,
        "roa": -1,
        "operating_margin": -1,
        "cost_ratio": -12.86,
        "sga_ratio": 101.04
      },
      {
        "fiscal_year": "2009/03",
        "sales": 4000.0,
        "operating_profit": -585.0,
        "ordinary_profit": -880.0000000000001,
        "net_profit": -2500.0,
        "roa": -1,
        "operating_margin": -1,
        "cost_ratio": -14.63,
        "sga_ratio": 96.68
      },
      {
        "fiscal_year": "2010/03",
        "sales": 2400.0,
        "operating_profit": -405.99999999999994,
        "ordinary_profit": 189.0,
        "net_profit": -121.0,
        "roe": -0.12,
        "roa": -1,
        "operating_margin": -1,
        "cost_ratio": -16.9,
        "sga_ratio": 90.66
      },
      {
        "fiscal_year": "2011/03",
        "sales": 2320.0,
        "operating_profit": -469.00000000000006,
        "ordinary_profit": 482.0,
        "net_profit": -1220.0,
        "roe": -1.2,
        "roa": -1,
        "operating_margin": -1,
        "cost_ratio": -20.17,
        "sga_ratio": 94.69
      },
      {
        "fiscal_year": "2012/03",
        "sales": 2100.0,
        "operating_profit": -413.0,
        "ordinary_profit": -310.0,
        "net_profit": -393.0,
        "roe": -0.38,
        "roa": -1,
        "operating_margin": -1,
        "cost_ratio": -19.68,
        "sga_ratio": 94.57
      },
      {
        "fiscal_year": "2013/03",
        "sales": 1800.0,
        "operating_profit": -345.0,
        "ordinary_profit": -225.99999999999997,
        "net_profit": -200.0,
        "roe": -0.2,
        "roa": -1,
        "operating_margin": -1,
        "cost_ratio": -19.2,
        "sga_ratio": 91.06
      },
      {
        "fiscal_year": "2014/03",
        "sales": 1450.0,
        "operating_profit": -250.0,
        "ordinary_profit": -100.0,
        "net_profit": 448.00000000000006,
        "roe": 4.45,
        "roa": 15.49,
        "operating_margin": 11.49,
        "cost_ratio": -17.18,
        "sga_ratio": 83.77
      },
      {
        "fiscal_year": "2015/03",
        "sales": 1120.0,
        "operating_profit": -315.0,
        "ordinary_profit": -252.99999999999997,
        "net_profit": -59.0,
        "roe": -0.59,
        "roa": -1,
        "operating_margin": -1,
        "cost_ratio": -28.15,
        "sga_ratio": 89.8
      },
      {
        "fiscal_year": "2016/03",
        "sales": 2000.0,
        "operating_profit": 186.0,
        "ordinary_profit": 225.99999999999997,
        "net_profit": 192.0,
        "roe": 1.91,
        "roa": 8.1,
        "operating_margin": 7.42,
        "cost_ratio": 9.3,
        "sga_ratio": 67.77
      },
      {
        "fiscal_year": "2017/03",
        "sales": 1310.0,
        "operating_profit": -92.0,
        "ordinary_profit": 25.0,
        "net_profit": 45.0,
        "roe": 0.44,
        "roa": 1.54,
        "operating_margin": 1.45,
        "cost_ratio": -7.04,
        "sga_ratio": 77.41
      },
      {
        "fiscal_year": "2018/03",
        "sales": 1050.0,
        "operating_profit": -310.0,
        "ordinary_profit": -267.0,
        "net_profit": -274.0,
        "roe": -2.72,
        "roa": -1,
        "operating_margin": -1,
        "cost_ratio": -29.64,
        "sga_ratio": 92.07
      },
      {
        "fiscal_year": "2019/03",
        "sales": 1080.0,
        "operating_profit": -140.0,
        "ordinary_profit": -118.0,
        "net_profit": -145.0,
        "roe": -1.44,
        "roa": -1,
        "operating_margin": -1,
        "cost_ratio": -12.88,
        "sga_ratio": 76.73
      },
      {
        "fiscal_year": "2020/03",
        "sales": 588.0,
        "operating_profit": -286.0,
        "ordinary_profit": -293.0,
        "net_profit": 118.0,
        "roe": 1.17,
        "roa": 5.7,
        "operating_margin": 5.31,
        "cost_ratio": -48.59,
        "sga_ratio": 85.44
      },
      {
        "fiscal_year": "2021/03",
        "sales": 1080.0,
        "operating_profit": -240.0,
        "ordinary_profit": -173.0,
        "net_profit": -270.0,
        "eps": -269.0,
        "roe": -2.68,
        "roa": -1,
        "operating_margin": -1,
        "cost_ratio": -22.17,
        "sga_ratio": 83.31
      },
      {
        "fiscal_year": "2022/03",
        "sales": 1160.0,
        "operating_profit": -260.0,
        "ordinary_profit": -231.0,
        "net_profit": -329.0,
        "eps": -329.0,
        "roe": -2.74,
        "roa": -1,
        "operating_margin": -1,
        "cost_ratio": -22.5,
        "sga_ratio": 78.48
      },
      {
        "fiscal_year": "2023/03",
        "sales": 1360.0,
        "operating_profit": -117.0,
        "ordinary_profit": -93.0,
        "net_profit": -106.0,
        "eps": -59.0,
        "roe": -0.75,
        "roa": -1,
        "operating_margin": -1,
        "cost_ratio": -8.62,
        "sga_ratio": 83.11
      },
      {
        "fiscal_year": "2024/03",
        "sales": 1540.0,
        "operating_profit": -279.0,
        "ordinary_profit": 282.0,
        "net_profit": 426.0,
        "eps": 380.0,
        "roe": 3.01,
        "roa": 14.16,
        "operating_margin": 13.02,
        "cost_ratio": -18.06,
        "sga_ratio": 92.15
      },
      {
        "fiscal_year": "2025/03",
        "sales": 610.0,
        "operating_profit": -290.0,
        "ordinary_profit": -295.0,
        "net_profit": -99.0,
        "roe": -0.7,
        "roa": -1,
        "operating_margin": -1,
        "cost_ratio": -47.54
      }
    ],
    "dividend_data": [
      {
        "fiscal_year": "2013/03",
        "total_dividend": 0.0
      }
    ]
  },
  {
    "code": 5724,
    "name": "アサカ理研",
    "annual_data": [
      {
        "date": "2010/09/30",
        "per": 9.76,
        "pbr": 0.92,
        "is_per_red": false,
        "is_pbr_red": false
      },
      {
        "date": "2011/09/30",
        "per": 6.91,
        "pbr": 0.65,
        "is_per_red": false,
        "is_pbr_red": false
      },
      {
        "date": "2012/09/25",
        "per": 16.99,
        "pbr": 0.59,
        "is_per_red": false,
        "is_pbr_red": false
      },
      {
        "date": "2013/09/30",
        "per": 10.96,
        "pbr": 0.59,
        "is_per_red": false,
        "is_pbr_red": false
      },
      {
        "date": "2014/09/30",
        "per": 44.59,
        "pbr": 0.54,
        "is_per_red": false,
        "is_pbr_red": false
      },
      {
        "date": "2015/09/30",
        "per": 26.44,
        "pbr": 1.43,
        "is_per_red": false,
        "is_pbr_red": false
      },
      {
        "date": "2016/09/30",
        "per": 17.68,
        "pbr": 1.6,
        "is_per_red": false,
        "is_pbr_red": false
      },
      {
        "date": "2017/09/29",
        "per": 15.75,
        "pbr": 1.55,
        "is_per_red": false,
        "is_pbr_red": false
      },
      {
        "date": "2018/09/28",
        "per": 25.96,
        "pbr": 2.04,
        "is_per_red": false,
        "is_pbr_red": false
      },
      {
        "date": "2019/09/30",
        "per": 48.3,
        "pbr": 1.29,
        "is_per_red": false,
        "is_pbr_red": false
      },
      {
        "date": "2020/09/30",
        "per": 29.49,
        "pbr": 1.13,
        "is_per_red": false,
        "is_pbr_red": false
      },
      {
        "date": "2021/09/30",
        "per": 19.75,
        "pbr": 2.12,
        "is_per_red": false,
        "is_pbr_red": false
      },
      {
        "date": "2022/09/30",
        "per": 13.65,
        "pbr": 2.08,
        "is_per_red": false,
        "is_pbr_red": false
      },
      {
        "date": "2023/09/29",
        "per": 20.34,
        "pbr": 1.48,
        "is_per_red": false,
        "is_pbr_red": false
      },
      {
        "date": "2024/09/30",
        "per": 12.23,
        "pbr": 0.99,
        "is_per_red": false,
        "is_pbr_red": false
      }
    ],
    "daily_data": [],
    "financial_data": [
      {
        "fiscal_year": "2008/09",
        "sales": 13700.0,
        "operating_profit": 850.0,
        "ordinary_profit": 783.0,
        "net_profit": 405.0,
        "roa": 27.43,
        "operating_margin": 8.44,
        "cost_ratio": 6.21,
        "sga_ratio": 84.34
      },
      {
        "fiscal_year": "2009/09",
        "sales": 8840.0,
        "operating_profit": 138.0,
        "ordinary_profit": 66.0,
        "net_profit": 12.0,
        "roa": 0.67,
        "operating_margin": 0.27,
        "cost_ratio": 1.56,
        "sga_ratio": 86.14
      },
      {
        "fiscal_year": "2010/09",
        "sales": 11800.0,
        "operating_profit": 416.0,
        "ordinary_profit": 386.0,
        "net_profit": 182.0,
        "roe": 35.36,
        "roa": 9.43,
        "operating_margin": 3.6,
        "cost_ratio": 3.53,
        "sga_ratio": 86.46
      },
      {
        "fiscal_year": "2011/09",
        "sales": 13100.0,
        "operating_profit": 457.0,
        "ordinary_profit": 543.0,
        "net_profit": 194.0,
        "eps": 175.0,
        "roe": 37.62,
        "roa": 9.36,
        "operating_margin": 3.9,
        "cost_ratio": 3.49,
        "sga_ratio": 87.31
      },
      {
        "fiscal_year": "2012/09",
        "sales": 13100.0,
        "operating_profit": 250.0,
        "ordinary_profit": 119.0,
        "net_profit": 74.0,
        "eps": 81.0,
        "roe": 14.3,
        "roa": 3.49,
        "operating_margin": 1.63,
        "cost_ratio": 1.91,
        "sga_ratio": 87.82
      },
      {
        "fiscal_year": "2013/09",
        "sales": 9460.0,
        "operating_profit": 204.0,
        "ordinary_profit": 190.0,
        "net_profit": 117.0,
        "eps": 112.0,
        "roe": 23.44,
        "roa": 5.33,
        "operating_margin": 2.27,
        "cost_ratio": 2.15,
        "sga_ratio": 84.01
      },
      {
        "fiscal_year": "2014/09",
        "sales": 8190.000000000001,
        "operating_profit": -403.0,
        "ordinary_profit": -417.0,
        "net_profit": 26.0,
        "eps": 26.0,
        "roe": 5.27,
        "roa": 1.21,
        "operating_margin": 0.4,
        "cost_ratio": -4.92,
        "sga_ratio": 85.2
      },
      {
        "fiscal_year": "2015/09",
        "sales": 8960.0,
        "operating_profit": 211.0,
        "ordinary_profit": 186.0,
        "net_profit": 126.0,
        "eps": 91.0,
        "roe": 24.85,
        "roa": 5.38,
        "operating_margin": 2.29,
        "cost_ratio": 2.35,
        "sga_ratio": 83.61
      },
      {
        "fiscal_year": "2016/09",
        "sales": 7790.000000000001,
        "operating_profit": 224.0,
        "ordinary_profit": 189.0,
        "net_profit": 228.0,
        "eps": 214.0,
        "roe": 44.74,
        "roa": 9.01,
        "operating_margin": 3.95,
        "cost_ratio": 2.88,
        "sga_ratio": 81.47
      },
      {
        "fiscal_year": "2017/09",
        "sales": 8380.0,
        "operating_profit": 208.0,
        "ordinary_profit": 208.0,
        "net_profit": 273.0,
        "eps": 281.0,
        "roe": 53.66,
        "roa": 9.86,
        "operating_margin": 4.6,
        "cost_ratio": 2.49,
        "sga_ratio": 80.84
      },
      {
        "fiscal_year": "2018/09",
        "sales": 8770.0,
        "operating_profit": 338.0,
        "ordinary_profit": 334.0,
        "net_profit": 235.0,
        "eps": 247.0,
        "roe": 45.99,
        "roa": 7.87,
        "operating_margin": 3.71,
        "cost_ratio": 3.85,
        "sga_ratio": 80.27
      },
      {
        "fiscal_year": "2019/09",
        "sales": 9740.0,
        "operating_profit": 158.0,
        "ordinary_profit": 136.0,
        "net_profit": 81.0,
        "eps": 83.0,
        "roe": 15.86,
        "roa": 2.67,
        "operating_margin": 1.29,
        "cost_ratio": 1.62,
        "sga_ratio": 84.24
      },
      {
        "fiscal_year": "2020/09",
        "sales": 7409.999999999999,
        "operating_profit": 85.0,
        "ordinary_profit": 63.0,
        "net_profit": 120.0,
        "eps": 155.0,
        "roe": 23.7,
        "roa": 3.87,
        "operating_margin": 1.74,
        "cost_ratio": 1.15,
        "sga_ratio": 81.09
      },
      {
        "fiscal_year": "2021/09",
        "sales": 8070.0,
        "operating_profit": 420.0,
        "ordinary_profit": 445.0,
        "net_profit": 377.0,
        "eps": 395.0,
        "roe": 74.7,
        "roa": 10.73,
        "operating_margin": 5.3,
        "cost_ratio": 5.2,
        "sga_ratio": 76.45
      },
      {
        "fiscal_year": "2022/09",
        "sales": 8590.0,
        "operating_profit": 816.0,
        "ordinary_profit": 776.0,
        "net_profit": 622.0,
        "eps": 587.0,
        "roe": 122.7,
        "roa": 15.26,
        "operating_margin": 7.89,
        "cost_ratio": 9.49,
        "sga_ratio": 69.06
      },
      {
        "fiscal_year": "2023/09",
        "sales": 8290.0,
        "operating_profit": 395.0,
        "ordinary_profit": 386.0,
        "net_profit": 307.0,
        "eps": 330.0,
        "roe": 61.27,
        "roa": 7.3,
        "operating_margin": 3.68,
        "cost_ratio": 4.77,
        "sga_ratio": 72.8
      },
      {
        "fiscal_year": "2024/09",
        "sales": 7970.0,
        "operating_profit": 293.0,
        "ordinary_profit": 266.0,
        "net_profit": 372.0,
        "eps": 429.0,
        "roe": 74.16,
        "roa": 8.06,
        "operating_margin": 4.35,
        "cost_ratio": 3.68,
        "sga_ratio": 70.79
      },
      {
        "fiscal_year": "2025/09",
        "sales": 9230.0,
        "operating_profit": 440.0,
        "ordinary_profit": 290.0,
        "net_profit": 220.0,
        "roe": 43.87,
        "roa": 4.77,
        "operating_margin": 2.58,
        "cost_ratio": 4.77
      }
    ],
    "dividend_data": [
      {
        "fiscal_year": "2010/03",
        "total_dividend": 7.5,
        "dividend_yield": 2.18
      },
      {
        "fiscal_year": "2011/03",
        "total_dividend": 7.5,
        "dividend_yield": 2.89
      },
      {
        "fiscal_year": "2012/03",
        "total_dividend": 7.5,
        "dividend_yield": 3.09
      },
      {
        "fiscal_year": "2013/03",
        "total_dividend": 7.5,
        "dividend_yield": 2.92
      }
    ]
  },
  {
    "code": 5726,
    "name": "大阪チタニウムテクノロジーズ",
    "annual_data": [
      {
        "date": "2010/03/31",
        "per": 1149.85,
        "pbr": 3.13,
        "is_per_red": false,
        "is_pbr_red": false
      },
      {
        "date": "2011/03/31",
        "per": -1,
        "pbr": 5.15,
        "is_per_red": true,
        "is_pbr_red": false
      },
      {
        "date": "2012/03/30",
        "per": 37.11,
        "pbr": 2.69,
        "is_per_red": false,
        "is_pbr_red": false
      },
      {
        "date": "2013/03/29",
        "per": 33.5,
        "pbr": 1.58,
        "is_per_red": false,
        "is_pbr_red": false
      },
      {
        "date": "2014/03/31",
        "per": -1,
        "pbr": 1.6,
        "is_per_red": true,
        "is_pbr_red": false
      },
      {
        "date": "2015/03/31",
        "per": 35.14,
        "pbr": 2.15,
        "is_per_red": false,
        "is_pbr_red": false
      },
      {
        "date": "2016/03/31",
        "per": -1,
        "pbr": 1.66,
        "is_per_red": true,
        "is_pbr_red": false
      },
      {
        "date": "2017/03/31",
        "per": 109.66,
        "pbr": 1.84,
        "is_per_red": false,
        "is_pbr_red": false
      },
      {
        "date": "2018/03/30",
        "per": 40.98,
        "pbr": 2.1,
        "is_per_red": false,
        "is_pbr_red": false
      },
      {
        "date": "2019/03/29",
        "per": -1,
        "pbr": 1.81,
        "is_per_red": true,
        "is_pbr_red": false
      },
      {
        "date": "2020/03/31",
        "per": 46.75,
        "pbr": 0.99,
        "is_per_red": false,
        "is_pbr_red": false
      },
      {
        "date": "2021/03/31",
        "per": -1,
        "pbr": 1.19,
        "is_per_red": true,
        "is_pbr_red": false
      },
      {
        "date": "2022/03/31",
        "per": -1,
        "pbr": 2.0,
        "is_per_red": true,
        "is_pbr_red": false
      },
      {
        "date": "2023/03/31",
        "per": 26.75,
        "pbr": 3.85,
        "is_per_red": false,
        "is_pbr_red": false
      },
      {
        "date": "2024/03/29",
        "per": 9.99,
        "pbr": 2.51,
        "is_per_red": false,
        "is_pbr_red": false
      }
    ],
    "daily_data": [],
    "financial_data": [
      {
        "fiscal_year": "2008/03",
        "sales": 53600.0,
        "operating_profit": 21000.0,
        "ordinary_profit": 20500.0,
        "net_profit": 11500.0,
        "roe": 27.2,
        "roa": 15.9,
        "operating_margin": 39.08,
        "cost_ratio": 51.88,
        "sga_ratio": 9.04
      },
      {
        "fiscal_year": "2009/03",
        "sales": 52100.0,
        "operating_profit": 14700.0,
        "ordinary_profit": 14200.0,
        "net_profit": 8250.0,
        "roe": 17.45,
        "roa": 8.51,
        "operating_margin": 28.21,
        "cost_ratio": 61.73,
        "sga_ratio": 10.06
      },
      {
        "fiscal_year": "2010/03",
        "sales": 31900.0,
        "operating_profit": 1560.0,
        "ordinary_profit": 434.99999999999994,
        "net_profit": 124.0,
        "eps": 3.37,
        "roe": 0.27,
        "roa": 0.13,
        "operating_margin": 4.9,
        "cost_ratio": 81.12,
        "sga_ratio": 13.98
      },
      {
        "fiscal_year": "2011/03",
        "sales": 33800.0,
        "operating_profit": -4320.0,
        "ordinary_profit": -5010.0,
        "net_profit": -4170.0,
        "eps": -113.4,
        "roe": -1,
        "roa": -1,
        "operating_margin": -12.8,
        "cost_ratio": 98.55,
        "sga_ratio": 14.24
      },
      {
        "fiscal_year": "2012/03",
        "sales": 62200.0,
        "operating_profit": 6450.0,
        "ordinary_profit": 5990.0,
        "net_profit": 3130.0,
        "eps": 85.16,
        "roe": 7.24,
        "roa": 2.46,
        "operating_margin": 10.36,
        "cost_ratio": 79.91,
        "sga_ratio": 9.73
      },
      {
        "fiscal_year": "2013/03",
        "sales": 55900.0,
        "operating_profit": 4110.0,
        "ordinary_profit": 3929.9999999999995,
        "net_profit": 2080.0,
        "eps": 56.39,
        "roe": 4.7,
        "roa": 1.63,
        "operating_margin": 7.35,
        "cost_ratio": 82.16,
        "sga_ratio": 10.48
      },
      {
        "fiscal_year": "2014/03",
        "sales": 42900.0,
        "operating_profit": 1180.0,
        "ordinary_profit": 326.0,
        "net_profit": -2910.0,
        "eps": -78.97,
        "roe": -1,
        "roa": -1,
        "operating_margin": 2.75,
        "cost_ratio": 85.15,
        "sga_ratio": 12.09
      },
      {
        "fiscal_year": "2015/03",
        "sales": 40400.0,
        "operating_profit": 2760.0,
        "ordinary_profit": 3500.0,
        "net_profit": 2670.0,
        "eps": 72.45,
        "roe": 6.12,
        "roa": 2.6,
        "operating_margin": 6.85,
        "cost_ratio": 81.74,
        "sga_ratio": 11.41
      },
      {
        "fiscal_year": "2016/03",
        "sales": 41100.0,
        "operating_profit": -1639.9999999999998,
        "ordinary_profit": -2060.0,
        "net_profit": -8840.0,
        "eps": -240.23,
        "roe": -1,
        "roa": -1,
        "operating_margin": -3.99,
        "cost_ratio": 91.29,
        "sga_ratio": 12.7
      },
      {
        "fiscal_year": "2017/03",
        "sales": 39200.0,
        "operating_profit": 2050.0,
        "ordinary_profit": 1230.0,
        "net_profit": 579.0,
        "eps": 15.73,
        "roe": 1.68,
        "roa": 0.62,
        "operating_margin": 5.23,
        "cost_ratio": 79.8,
        "sga_ratio": 14.96
      },
      {
        "fiscal_year": "2018/03",
        "sales": 43400.0,
        "operating_profit": 3320.0000000000005,
        "ordinary_profit": 2810.0,
        "net_profit": 1860.0000000000002,
        "eps": 50.46,
        "roe": 5.13,
        "roa": 2.0,
        "operating_margin": 7.65,
        "cost_ratio": 80.54,
        "sga_ratio": 11.81
      },
      {
        "fiscal_year": "2019/03",
        "sales": 43700.0,
        "operating_profit": 2310.0,
        "ordinary_profit": 2420.0,
        "net_profit": -1320.0,
        "eps": -35.93,
        "roe": -1,
        "roa": -1,
        "operating_margin": 5.29,
        "cost_ratio": 83.48,
        "sga_ratio": 11.23
      },
      {
        "fiscal_year": "2020/03",
        "sales": 38200.0,
        "operating_profit": 1150.0,
        "ordinary_profit": 1320.0,
        "net_profit": 736.0,
        "eps": 20.0,
        "roe": 2.11,
        "roa": 0.96,
        "operating_margin": 3.02,
        "cost_ratio": 84.71,
        "sga_ratio": 12.27
      },
      {
        "fiscal_year": "2021/03",
        "sales": 17100.0,
        "operating_profit": -3429.9999999999995,
        "ordinary_profit": -2840.0,
        "net_profit": -5080.0,
        "eps": -138.13,
        "roe": -1,
        "roa": -1,
        "operating_margin": -20.08,
        "cost_ratio": 95.81,
        "sga_ratio": 24.27
      },
      {
        "fiscal_year": "2022/03",
        "sales": 28500.0,
        "operating_profit": -1910.0000000000002,
        "ordinary_profit": -1720.0,
        "net_profit": -3110.0,
        "eps": -84.57,
        "roe": -1,
        "roa": -1,
        "operating_margin": -6.7,
        "cost_ratio": 91.87,
        "sga_ratio": 14.83
      },
      {
        "fiscal_year": "2023/03",
        "sales": 43100.0,
        "operating_profit": 4780.0,
        "ordinary_profit": 4720.0,
        "net_profit": 4390.0,
        "eps": 119.24,
        "roe": 14.4,
        "roa": 5.38,
        "operating_margin": 11.1,
        "cost_ratio": 79.16,
        "sga_ratio": 9.74
      },
      {
        "fiscal_year": "2024/03",
        "sales": 55300.0,
        "operating_profit": 8290.0,
        "ordinary_profit": 9360.0,
        "net_profit": 9690.0,
        "eps": 263.3,
        "roe": 25.16,
        "roa": 10.42,
        "operating_margin": 14.98,
        "cost_ratio": 75.7,
        "sga_ratio": 9.32
      },
      {
        "fiscal_year": "2025/03",
        "sales": 53500.0,
        "operating_profit": 10400.0,
        "ordinary_profit": 9400.0,
        "net_profit": 6100.0,
        "eps": 165.77,
        "roe": 15.18,
        "roa": 6.34,
        "operating_margin": 19.44
      }
    ],
    "dividend_data": [
      {
        "fiscal_year": "2010/03",
        "total_dividend": 15.0,
        "dividend_yield": 0.39
      },
      {
        "fiscal_year": "2011/03",
        "total_dividend": 10.0,
        "dividend_yield": 0.17
      },
      {
        "fiscal_year": "2012/03",
        "total_dividend": 35.0,
        "dividend_yield": 1.11
      },
      {
        "fiscal_year": "2013/03",
        "total_dividend": 20.0,
        "dividend_yield": 1.06
      },
      {
        "fiscal_year": "2018/03",
        "total_dividend": 15.0,
        "dividend_yield": 0.73
      },
      {
        "fiscal_year": "2020/03",
        "total_dividend": 5.0,
        "dividend_yield": 0.53
      }
    ]
  },
  {
    "code": 5727,
    "name": "東邦チタニウム",
    "annual_data": [
      {
        "date": "2010/03/31",
        "per": -1,
        "pbr": 4.04,
        "is_per_red": true,
        "is_pbr_red": false
      },
      {
        "date": "2011/03/31",
        "per": -1,
        "pbr": 4.45,
        "is_per_red": true,
        "is_pbr_red": false
      },
      {
        "date": "2012/03/30",
        "per": -1,
        "pbr": 2.82,
        "is_per_red": true,
        "is_pbr_red": false
      },
      {
        "date": "2013/03/29",
        "per": -1,
        "pbr": 1.37,
        "is_per_red": true,
        "is_pbr_red": false
      },
      {
        "date": "2014/03/31",
        "per": -1,
        "pbr": 1.28,
        "is_per_red": true,
        "is_pbr_red": false
      },
      {
        "date": "2015/03/31",
        "per": -1,
        "pbr": 1.96,
        "is_per_red": true,
        "is_pbr_red": false
      },
      {
        "date": "2016/03/31",
        "per": 13.64,
        "pbr": 1.6,
        "is_per_red": false,
        "is_pbr_red": false
      },
      {
        "date": "2017/03/31",
        "per": 18.41,
        "pbr": 1.59,
        "is_per_red": false,
        "is_pbr_red": false
      },
      {
        "date": "2018/03/30",
        "per": 25.58,
        "pbr": 2.07,
        "is_per_red": false,
        "is_pbr_red": false
      },
      {
        "date": "2019/03/29",
        "per": 10.4,
        "pbr": 1.42,
        "is_per_red": false,
        "is_pbr_red": false
      },
      {
        "date": "2020/03/31",
        "per": 19.52,
        "pbr": 0.96,
        "is_per_red": false,
        "is_pbr_red": false
      },
      {
        "date": "2021/03/31",
        "per": -1,
        "pbr": 1.6,
        "is_per_red": true,
        "is_pbr_red": false
      },
      {
        "date": "2022/03/31",
        "per": 28.02,
        "pbr": 2.2,
        "is_per_red": false,
        "is_pbr_red": false
      },
      {
        "date": "2023/03/31",
        "per": 20.91,
        "pbr": 2.95,
        "is_per_red": false,
        "is_pbr_red": false
      },
      {
        "date": "2024/03/29",
        "per": 22.46,
        "pbr": 1.97,
        "is_per_red": false,
        "is_pbr_red": false
      }
    ],
    "daily_data": [],
    "financial_data": [
      {
        "fiscal_year": "2008/03",
        "sales": 44900.0,
        "operating_profit": 13800.0,
        "ordinary_profit": 13300.0,
        "net_profit": 7780.0,
        "roa": 22.13,
        "operating_margin": 14.28,
        "cost_ratio": 30.63,
        "sga_ratio": 56.85
      },
      {
        "fiscal_year": "2009/03",
        "sales": 41000.0,
        "operating_profit": 7080.0,
        "ordinary_profit": 6590.000000000001,
        "net_profit": 4100.0,
        "roa": 10.88,
        "operating_margin": 5.16,
        "cost_ratio": 17.25,
        "sga_ratio": 68.84
      },
      {
        "fiscal_year": "2010/03",
        "sales": 21700.0,
        "operating_profit": -1550.0,
        "ordinary_profit": -2170.0,
        "net_profit": -2650.0,
        "roe": -43.57,
        "roa": -1,
        "operating_margin": -1,
        "cost_ratio": -7.16,
        "sga_ratio": 85.92
      },
      {
        "fiscal_year": "2011/03",
        "sales": 28100.0,
        "operating_profit": -4500.0,
        "ordinary_profit": -5380.0,
        "net_profit": -5510.0,
        "eps": -5490.0,
        "roe": -90.59,
        "roa": -1,
        "operating_margin": -1,
        "cost_ratio": -15.98,
        "sga_ratio": 98.3
      },
      {
        "fiscal_year": "2012/03",
        "sales": 36000.0,
        "operating_profit": -333.0,
        "ordinary_profit": -1019.9999999999999,
        "net_profit": -621.0,
        "eps": -681.0,
        "roe": -10.22,
        "roa": -1,
        "operating_margin": -1,
        "cost_ratio": -0.92,
        "sga_ratio": 85.73
      },
      {
        "fiscal_year": "2013/03",
        "sales": 40100.0,
        "operating_profit": 801.0,
        "ordinary_profit": 484.99999999999994,
        "net_profit": -2150.0,
        "eps": -2390.0,
        "roe": -30.18,
        "roa": -1,
        "operating_margin": -1,
        "cost_ratio": 2.0,
        "sga_ratio": 82.91
      },
      {
        "fiscal_year": "2014/03",
        "sales": 30400.0,
        "operating_profit": -4710.0,
        "ordinary_profit": -5160.0,
        "net_profit": -5500.0,
        "eps": -5180.0,
        "roe": -77.25,
        "roa": -1,
        "operating_margin": -1,
        "cost_ratio": -15.46,
        "sga_ratio": 98.31
      },
      {
        "fiscal_year": "2015/03",
        "sales": 33700.0,
        "operating_profit": -2640.0,
        "ordinary_profit": -2600.0,
        "net_profit": -2630.0,
        "eps": -2550.0,
        "roe": -36.99,
        "roa": -1,
        "operating_margin": -1,
        "cost_ratio": -7.83,
        "sga_ratio": 93.96
      },
      {
        "fiscal_year": "2016/03",
        "sales": 43400.0,
        "operating_profit": 3890.0,
        "ordinary_profit": 3540.0,
        "net_profit": 4230.0,
        "eps": 3990.0,
        "roe": 59.47,
        "roa": 11.73,
        "operating_margin": 5.1,
        "cost_ratio": 8.96,
        "sga_ratio": 80.05
      },
      {
        "fiscal_year": "2017/03",
        "sales": 31200.0,
        "operating_profit": 3729.9999999999995,
        "ordinary_profit": 3870.0000000000005,
        "net_profit": 3370.0000000000005,
        "eps": 3320.0000000000005,
        "roe": 47.31,
        "roa": 8.63,
        "operating_margin": 4.04,
        "cost_ratio": 11.94,
        "sga_ratio": 72.24
      },
      {
        "fiscal_year": "2018/03",
        "sales": 37300.0,
        "operating_profit": 3929.9999999999995,
        "ordinary_profit": 3490.0,
        "net_profit": 3390.0,
        "eps": 3379.9999999999995,
        "roe": 47.69,
        "roa": 8.1,
        "operating_margin": 4.04,
        "cost_ratio": 10.55,
        "sga_ratio": 74.64
      },
      {
        "fiscal_year": "2019/03",
        "sales": 43600.0,
        "operating_profit": 5270.0,
        "ordinary_profit": 5270.0,
        "net_profit": 6490.000000000001,
        "eps": 6409.999999999999,
        "roe": 91.24,
        "roa": 13.64,
        "operating_margin": 7.41,
        "cost_ratio": 12.08,
        "sga_ratio": 74.75
      },
      {
        "fiscal_year": "2020/03",
        "sales": 45500.0,
        "operating_profit": 4070.0000000000005,
        "ordinary_profit": 3720.0000000000005,
        "net_profit": 2360.0,
        "eps": 1820.0,
        "roe": 33.14,
        "roa": 4.9,
        "operating_margin": 2.71,
        "cost_ratio": 8.94,
        "sga_ratio": 77.65
      },
      {
        "fiscal_year": "2021/03",
        "sales": 36200.0,
        "operating_profit": 3140.0,
        "ordinary_profit": -417.0,
        "net_profit": -3160.0,
        "eps": -2950.0,
        "roe": -44.34,
        "roa": -1,
        "operating_margin": -1,
        "cost_ratio": 8.67,
        "sga_ratio": 75.68
      },
      {
        "fiscal_year": "2022/03",
        "sales": 55500.0,
        "operating_profit": 5230.0,
        "ordinary_profit": 5180.0,
        "net_profit": 3700.0,
        "eps": 3729.9999999999995,
        "roe": 51.92,
        "roa": 7.86,
        "operating_margin": 3.77,
        "cost_ratio": 9.42,
        "sga_ratio": 75.21
      },
      {
        "fiscal_year": "2023/03",
        "sales": 80400.0,
        "operating_profit": 10700.0,
        "ordinary_profit": 10500.0,
        "net_profit": 7500.0,
        "eps": 7540.000000000001,
        "roe": 105.43,
        "roa": 14.12,
        "operating_margin": 6.73,
        "cost_ratio": 13.31,
        "sga_ratio": 73.46
      },
      {
        "fiscal_year": "2024/03",
        "sales": 78400.0,
        "operating_profit": 5630.0,
        "ordinary_profit": 6270.0,
        "net_profit": 4950.0,
        "eps": 5180.0,
        "roe": 69.56,
        "roa": 8.76,
        "operating_margin": 3.93,
        "cost_ratio": 7.18,
        "sga_ratio": 80.47
      },
      {
        "fiscal_year": "2025/03",
        "sales": 95300.0,
        "operating_profit": 5700.0,
        "ordinary_profit": 5000.0,
        "net_profit": 3700.0,
        "roe": 51.99,
        "roa": 6.58,
        "operating_margin": 3.11,
        "cost_ratio": 5.98
      }
    ],
    "dividend_data": [
      {
        "fiscal_year": "2010/03",
        "total_dividend": 5.0,
        "dividend_yield": 0.22
      },
      {
        "fiscal_year": "2011/03",
        "total_dividend": 5.0,
        "dividend_yield": 0.24
      },
      {
        "fiscal_year": "2012/03",
        "total_dividend": 5.0,
        "dividend_yield": 0.38
      },
      {
        "fiscal_year": "2013/03",
        "total_dividend": 3.0,
        "dividend_yield": 0.39
      }
    ]
  },
  {
    "code": 5729,
    "name": "日本精鉱",
    "annual_data": [
      {
        "date": "2010/03/31",
        "per": -1,
        "pbr": 0.96,
        "is_per_red": true,
        "is_pbr_red": false
      },
      {
        "date": "2011/03/31",
        "per": 6.12,
        "pbr": 1.19,
        "is_per_red": false,
        "is_pbr_red": false
      },
      {
        "date": "2012/03/30",
        "per": 6.51,
        "pbr": 1.03,
        "is_per_red": false,
        "is_pbr_red": false
      },
      {
        "date": "2013/03/29",
        "per": 9.17,
        "pbr": 0.82,
        "is_per_red": false,
        "is_pbr_red": false
      },
      {
        "date": "2014/03/31",
        "per": 9.26,
        "pbr": 0.8,
        "is_per_red": false,
        "is_pbr_red": false
      },
      {
        "date": "2015/03/31",
        "per": 7.68,
        "pbr": 0.92,
        "is_per_red": false,
        "is_pbr_red": false
      },
      {
        "date": "2016/03/31",
        "per": 10.73,
        "pbr": 0.64,
        "is_per_red": false,
        "is_pbr_red": false
      },
      {
        "date": "2017/03/31",
        "per": 7.67,
        "pbr": 0.86,
        "is_per_red": false,
        "is_pbr_red": false
      },
      {
        "date": "2018/03/30",
        "per": 9.34,
        "pbr": 1.35,
        "is_per_red": false,
        "is_pbr_red": false
      },
      {
        "date": "2019/03/28",
        "per": 6.71,
        "pbr": 0.77,
        "is_per_red": false,
        "is_pbr_red": false
      },
      {
        "date": "2020/03/26",
        "per": 16.15,
        "pbr": 0.63,
        "is_per_red": false,
        "is_pbr_red": false
      },
      {
        "date": "2021/03/31",
        "per": 8.49,
        "pbr": 0.87,
        "is_per_red": false,
        "is_pbr_red": false
      },
      {
        "date": "2022/03/31",
        "per": 5.99,
        "pbr": 0.99,
        "is_per_red": false,
        "is_pbr_red": false
      },
      {
        "date": "2023/03/31",
        "per": 15.7,
        "pbr": 0.8,
        "is_per_red": false,
        "is_pbr_red": false
      },
      {
        "date": "2024/03/29",
        "per": 12.14,
        "pbr": 0.63,
        "is_per_red": false,
        "is_pbr_red": false
      }
    ],
    "daily_data": [],
    "financial_data": [
      {
        "fiscal_year": "2008/03",
        "sales": 9780.0,
        "operating_profit": 748.0,
        "ordinary_profit": 714.0,
        "net_profit": 259.0,
        "roa": 6.96,
        "operating_margin": 3.56,
        "cost_ratio": 7.64,
        "sga_ratio": 84.06
      },
      {
        "fiscal_year": "2009/03",
        "sales": 7159.999999999999,
        "operating_profit": -513.0,
        "ordinary_profit": -519.0,
        "net_profit": -444.00000000000006,
        "roa": -1,
        "operating_margin": -1,
        "cost_ratio": -7.16,
        "sga_ratio": 96.96
      },
      {
        "fiscal_year": "2010/03",
        "sales": 7290.000000000001,
        "operating_profit": 322.0,
        "ordinary_profit": 324.0,
        "net_profit": -96.0,
        "roe": -7.37,
        "roa": -1,
        "operating_margin": -1,
        "cost_ratio": 4.41,
        "sga_ratio": 86.29
      },
      {
        "fiscal_year": "2011/03",
        "sales": 10900.0,
        "operating_profit": 877.0,
        "ordinary_profit": 826.0,
        "net_profit": 685.0,
        "eps": 689.0,
        "roe": 52.58,
        "roa": 19.36,
        "operating_margin": 7.19,
        "cost_ratio": 8.06,
        "sga_ratio": 84.66
      },
      {
        "fiscal_year": "2012/03",
        "sales": 13000.0,
        "operating_profit": 996.0000000000001,
        "ordinary_profit": 950.0,
        "net_profit": 636.0,
        "eps": 635.0,
        "roe": 48.83,
        "roa": 15.85,
        "operating_margin": 6.12,
        "cost_ratio": 7.64,
        "sga_ratio": 85.9
      },
      {
        "fiscal_year": "2013/03",
        "sales": 11700.0,
        "operating_profit": 638.0,
        "ordinary_profit": 623.0,
        "net_profit": 385.0,
        "eps": 390.0,
        "roe": 29.57,
        "roa": 9.0,
        "operating_margin": 3.69,
        "cost_ratio": 5.46,
        "sga_ratio": 87.26
      },
      {
        "fiscal_year": "2014/03",
        "sales": 12100.0,
        "operating_profit": 672.0,
        "ordinary_profit": 654.0,
        "net_profit": 396.0,
        "eps": 403.0,
        "roe": 32.41,
        "roa": 8.68,
        "operating_margin": 3.71,
        "cost_ratio": 5.58,
        "sga_ratio": 87.28
      },
      {
        "fiscal_year": "2015/03",
        "sales": 13200.0,
        "operating_profit": 969.0,
        "ordinary_profit": 974.0,
        "net_profit": 603.0,
        "eps": 625.0,
        "roe": 49.38,
        "roa": 11.93,
        "operating_margin": 5.46,
        "cost_ratio": 7.36,
        "sga_ratio": 85.76
      },
      {
        "fiscal_year": "2016/03",
        "sales": 11800.0,
        "operating_profit": 533.0,
        "ordinary_profit": 505.99999999999994,
        "net_profit": 313.0,
        "eps": 303.0,
        "roe": 25.63,
        "roa": 6.0,
        "operating_margin": 3.05,
        "cost_ratio": 4.52,
        "sga_ratio": 87.7
      },
      {
        "fiscal_year": "2017/03",
        "sales": 11500.0,
        "operating_profit": 967.0,
        "ordinary_profit": 955.0000000000001,
        "net_profit": 645.0,
        "eps": 664.0,
        "roe": 52.81,
        "roa": 11.21,
        "operating_margin": 6.02,
        "cost_ratio": 8.4,
        "sga_ratio": 83.11
      },
      {
        "fiscal_year": "2018/03",
        "sales": 14500.0,
        "operating_profit": 1420.0,
        "ordinary_profit": 1370.0,
        "net_profit": 951.0,
        "eps": 983.0,
        "roe": 389.55,
        "roa": 14.45,
        "operating_margin": 8.07,
        "cost_ratio": 9.78,
        "sga_ratio": 83.28
      },
      {
        "fiscal_year": "2019/03",
        "sales": 14100.0,
        "operating_profit": 1250.0,
        "ordinary_profit": 1220.0,
        "net_profit": 830.0000000000001,
        "eps": 808.0,
        "roe": 339.93,
        "roa": 11.51,
        "operating_margin": 7.06,
        "cost_ratio": 8.89,
        "sga_ratio": 83.65
      },
      {
        "fiscal_year": "2020/03",
        "sales": 10900.0,
        "operating_profit": 448.00000000000006,
        "ordinary_profit": 434.0,
        "net_profit": 286.0,
        "eps": 264.0,
        "roe": 117.25,
        "roa": 3.93,
        "operating_margin": 2.65,
        "cost_ratio": 4.11,
        "sga_ratio": 87.31
      },
      {
        "fiscal_year": "2021/03",
        "sales": 11200.0,
        "operating_profit": 1190.0,
        "ordinary_profit": 1210.0,
        "net_profit": 814.0,
        "eps": 833.0,
        "roe": 333.4,
        "roa": 10.21,
        "operating_margin": 6.66,
        "cost_ratio": 10.62,
        "sga_ratio": 81.17
      },
      {
        "fiscal_year": "2022/03",
        "sales": 17100.0,
        "operating_profit": 2190.0,
        "ordinary_profit": 2250.0,
        "net_profit": 1540.0,
        "eps": 1550.0,
        "roe": 631.45,
        "roa": 16.57,
        "operating_margin": 10.38,
        "cost_ratio": 12.82,
        "sga_ratio": 80.8
      },
      {
        "fiscal_year": "2023/03",
        "sales": 15900.0,
        "operating_profit": 802.9999999999999,
        "ordinary_profit": 791.0,
        "net_profit": 482.0,
        "eps": 476.0,
        "roe": 197.45,
        "roa": 5.12,
        "operating_margin": 3.45,
        "cost_ratio": 5.04,
        "sga_ratio": 87.91
      },
      {
        "fiscal_year": "2024/03",
        "sales": 15600.0,
        "operating_profit": 674.0,
        "ordinary_profit": 706.0,
        "net_profit": 503.0,
        "eps": 528.0,
        "roe": 205.84,
        "roa": 5.18,
        "operating_margin": 3.17,
        "cost_ratio": 4.33,
        "sga_ratio": 88.52
      },
      {
        "fiscal_year": "2025/03",
        "sales": 20000.0,
        "operating_profit": 1100.0,
        "ordinary_profit": 1060.0,
        "net_profit": 720.0,
        "roe": 294.17,
        "roa": 7.04,
        "operating_margin": 4.16,
        "cost_ratio": 5.49
      }
    ],
    "dividend_data": [
      {
        "fiscal_year": "2010/03",
        "total_dividend": 3.0,
        "dividend_yield": 1.39
      },
      {
        "fiscal_year": "2011/03",
        "total_dividend": 10.0,
        "dividend_yield": 3.11
      },
      {
        "fiscal_year": "2012/03",
        "total_dividend": 10.0,
        "dividend_yield": 3.14
      },
      {
        "fiscal_year": "2013/03",
        "total_dividend": 10.0,
        "dividend_yield": 3.69
      }
    ]
  },
  {
    "code": 5741,
    "name": "ＵＡＣＪ",
    "annual_data": [
      {
        "date": "2010/03/31",
        "per": -1,
        "pbr": 0.88,
        "is_per_red": true,
        "is_pbr_red": false
      },
      {
        "date": "2011/03/31",
        "per": 4.59,
        "pbr": 0.79,
        "is_per_red": false,
        "is_pbr_red": false
      },
      {
        "date": "2012/03/30",
        "per": 17.0,
        "pbr": 0.85,
        "is_per_red": false,
        "is_pbr_red": false
      },
      {
        "date": "2013/03/29",
        "per": 20.57,
        "pbr": 0.85,
        "is_per_red": false,
        "is_pbr_red": false
      },
      {
        "date": "2014/03/31",
        "per": 14.03,
        "pbr": 1.17,
        "is_per_red": false,
        "is_pbr_red": false
      },
      {
        "date": "2015/03/31",
        "per": 16.43,
        "pbr": 0.82,
        "is_per_red": false,
        "is_pbr_red": false
      },
      {
        "date": "2016/03/31",
        "per": 19.1,
        "pbr": 0.59,
        "is_per_red": false,
        "is_pbr_red": false
      },
      {
        "date": "2017/03/31",
        "per": 14.48,
        "pbr": 0.77,
        "is_per_red": false,
        "is_pbr_red": false
      },
      {
        "date": "2018/03/30",
        "per": 10.75,
        "pbr": 0.68,
        "is_per_red": false,
        "is_pbr_red": false
      },
      {
        "date": "2019/03/29",
        "per": 89.67,
        "pbr": 0.52,
        "is_per_red": false,
        "is_pbr_red": false
      },
      {
        "date": "2020/03/31",
        "per": 36.76,
        "pbr": 0.4,
        "is_per_red": false,
        "is_pbr_red": false
      },
      {
        "date": "2021/03/31",
        "per": -1,
        "pbr": 0.7,
        "is_per_red": true,
        "is_pbr_red": false
      },
      {
        "date": "2022/03/31",
        "per": 3.52,
        "pbr": 0.44,
        "is_per_red": false,
        "is_pbr_red": false
      },
      {
        "date": "2023/03/31",
        "per": -1,
        "pbr": 0.45,
        "is_per_red": true,
        "is_pbr_red": false
      },
      {
        "date": "2024/03/29",
        "per": 15.33,
        "pbr": 0.77,
        "is_per_red": false,
        "is_pbr_red": false
      }
    ],
    "daily_data": [],
    "financial_data": [
      {
        "fiscal_year": "2008/03",
        "sales": 253000.0,
        "operating_profit": 13700.0,
        "ordinary_profit": 11900.0,
        "net_profit": 6400.0,
        "roa": 8.54,
        "operating_margin": 2.73,
        "cost_ratio": 5.43,
        "sga_ratio": 87.94
      },
      {
        "fiscal_year": "2009/03",
        "sales": 228600.0,
        "operating_profit": 830.0000000000001,
        "ordinary_profit": -584.0,
        "net_profit": -11500.0,
        "roa": -1,
        "operating_margin": -1,
        "cost_ratio": 0.36,
        "sga_ratio": 91.69
      },
      {
        "fiscal_year": "2010/03",
        "sales": 185600.0,
        "operating_profit": 572.0,
        "ordinary_profit": -660.0,
        "net_profit": -770.0,
        "roe": -3.39,
        "roa": -1,
        "operating_margin": -1,
        "cost_ratio": 0.31,
        "sga_ratio": 90.62
      },
      {
        "fiscal_year": "2011/03",
        "sales": 207200.0,
        "operating_profit": 12300.0,
        "ordinary_profit": 11700.0,
        "net_profit": 12000.0,
        "eps": 11400.0,
        "roe": 52.7,
        "roa": 17.25,
        "operating_margin": 5.49,
        "cost_ratio": 5.95,
        "sga_ratio": 86.05
      },
      {
        "fiscal_year": "2012/03",
        "sales": 194000.0,
        "operating_profit": 6360.0,
        "ordinary_profit": 6409.999999999999,
        "net_profit": 3540.0,
        "eps": 2860.0,
        "roe": 15.59,
        "roa": 5.02,
        "operating_margin": 1.65,
        "cost_ratio": 3.28,
        "sga_ratio": 88.32
      },
      {
        "fiscal_year": "2013/03",
        "sales": 183700.0,
        "operating_profit": 5340.0,
        "ordinary_profit": 5820.0,
        "net_profit": 3150.0,
        "eps": 7409.999999999999,
        "roe": 13.85,
        "roa": 4.11,
        "operating_margin": 1.44,
        "cost_ratio": 2.91,
        "sga_ratio": 87.77
      },
      {
        "fiscal_year": "2014/03",
        "sales": 364100.0,
        "operating_profit": 17800.0,
        "ordinary_profit": 16800.0,
        "net_profit": 9950.0,
        "eps": 15800.0,
        "roe": 30.36,
        "roa": 6.4,
        "operating_margin": 1.63,
        "cost_ratio": 4.88,
        "sga_ratio": 86.14
      },
      {
        "fiscal_year": "2015/03",
        "sales": 572500.0,
        "operating_profit": 23700.0,
        "ordinary_profit": 21300.0,
        "net_profit": 8650.0,
        "eps": 25400.0,
        "roe": 20.21,
        "roa": 5.02,
        "operating_margin": 1.28,
        "cost_ratio": 4.14,
        "sga_ratio": 87.4
      },
      {
        "fiscal_year": "2016/03",
        "sales": 575700.0,
        "operating_profit": 15200.0,
        "ordinary_profit": 12000.0,
        "net_profit": 5110.0,
        "eps": -5110.0,
        "roe": 11.94,
        "roa": 3.09,
        "operating_margin": 0.77,
        "cost_ratio": 2.64,
        "sga_ratio": 88.44
      },
      {
        "fiscal_year": "2017/03",
        "sales": 568300.0,
        "operating_profit": 25900.0,
        "ordinary_profit": 19800.0,
        "net_profit": 8720.0,
        "eps": 7980.0,
        "roe": 20.16,
        "roa": 4.73,
        "operating_margin": 1.2,
        "cost_ratio": 4.55,
        "sga_ratio": 86.3
      },
      {
        "fiscal_year": "2018/03",
        "sales": 624300.0,
        "operating_profit": 29200.0,
        "ordinary_profit": 19400.0,
        "net_profit": 12300.0,
        "eps": 13200.0,
        "roe": 253.95,
        "roa": 6.31,
        "operating_margin": 1.58,
        "cost_ratio": 4.68,
        "sga_ratio": 86.53
      },
      {
        "fiscal_year": "2019/03",
        "sales": 661300.0,
        "operating_profit": 14900.0,
        "ordinary_profit": 6200.0,
        "net_profit": 1120.0,
        "eps": -354.0,
        "roe": 23.13,
        "roa": 0.58,
        "operating_margin": 0.14,
        "cost_ratio": 2.25,
        "sga_ratio": 89.06
      },
      {
        "fiscal_year": "2020/03",
        "sales": 615200.0,
        "operating_profit": 10100.0,
        "ordinary_profit": 3790.0,
        "net_profit": 2039.9999999999998,
        "eps": 101.0,
        "roe": 42.25,
        "roa": 1.08,
        "operating_margin": 0.27,
        "cost_ratio": 1.65,
        "sga_ratio": 89.25
      },
      {
        "fiscal_year": "2021/03",
        "sales": 569800.0,
        "operating_profit": 11100.0,
        "ordinary_profit": 5960.0,
        "net_profit": -3270.0000000000005,
        "eps": -153.0,
        "roe": -67.78,
        "roa": -1,
        "operating_margin": -1,
        "cost_ratio": 1.96,
        "sga_ratio": 88.49
      },
      {
        "fiscal_year": "2022/03",
        "sales": 782900.0,
        "operating_profit": 59500.0,
        "ordinary_profit": 52300.0,
        "net_profit": 32100.0,
        "eps": 51300.0,
        "roe": 664.69,
        "roa": 12.61,
        "operating_margin": 3.59,
        "cost_ratio": 7.6,
        "sga_ratio": 83.42
      },
      {
        "fiscal_year": "2023/03",
        "sales": 955700.0,
        "operating_profit": 11300.0,
        "ordinary_profit": 8730.0,
        "net_profit": -1320.0,
        "eps": 17800.0,
        "roe": -27.27,
        "roa": -1,
        "operating_margin": -1,
        "cost_ratio": 1.18,
        "sga_ratio": 90.46
      },
      {
        "fiscal_year": "2024/03",
        "sales": 892800.0,
        "operating_profit": 31400.0,
        "ordinary_profit": 19900.0,
        "net_profit": 13900.0,
        "eps": 36800.0,
        "roe": 287.39,
        "roa": 5.0,
        "operating_margin": 1.52,
        "cost_ratio": 3.51,
        "sga_ratio": 88.56
      },
      {
        "fiscal_year": "2025/03",
        "sales": 930000.0,
        "operating_profit": 46500.0,
        "net_profit": 20500.0,
        "roe": 424.79,
        "roa": 7.02,
        "operating_margin": 2.17,
        "cost_ratio": 5.0
      }
    ],
    "dividend_data": [
      {
        "fiscal_year": "2010/03",
        "total_dividend": 2.0,
        "dividend_yield": 0.87
      },
      {
        "fiscal_year": "2011/03",
        "total_dividend": 6.0,
        "dividend_yield": 2.48
      },
      {
        "fiscal_year": "2012/03",
        "total_dividend": 6.0,
        "dividend_yield": 2.26
      },
      {
        "fiscal_year": "2013/03",
        "total_dividend": 6.0,
        "dividend_yield": 2.11
      }
    ]
  },
  {
    "code": 5742,
    "name": "エヌアイシ・オートテック",
    "annual_data": [
      {
        "date": "2010/03/31",
        "per": -1,
        "pbr": 0.38,
        "is_per_red": true,
        "is_pbr_red": false
      },
      {
        "date": "2011/03/31",
        "per": 22.01,
        "pbr": 0.36,
        "is_per_red": false,
        "is_pbr_red": false
      },
      {
        "date": "2012/03/30",
        "per": 12.09,
        "pbr": 0.62,
        "is_per_red": false,
        "is_pbr_red": false
      },
      {
        "date": "2013/03/29",
        "per": 12.59,
        "pbr": 0.5,
        "is_per_red": false,
        "is_pbr_red": false
      },
      {
        "date": "2014/03/31",
        "per": 8.35,
        "pbr": 0.53,
        "is_per_red": false,
        "is_pbr_red": false
      },
      {
        "date": "2015/03/31",
        "per": 11.25,
        "pbr": 0.96,
        "is_per_red": false,
        "is_pbr_red": false
      },
      {
        "date": "2016/03/31",
        "per": 10.25,
        "pbr": 1.02,
        "is_per_red": false,
        "is_pbr_red": false
      },
      {
        "date": "2017/03/31",
        "per": 18.91,
        "pbr": 2.51,
        "is_per_red": false,
        "is_pbr_red": false
      },
      {
        "date": "2018/03/30",
        "per": 12.81,
        "pbr": 1.92,
        "is_per_red": false,
        "is_pbr_red": false
      },
      {
        "date": "2019/03/29",
        "per": 8.85,
        "pbr": 0.9,
        "is_per_red": false,
        "is_pbr_red": false
      },
      {
        "date": "2020/03/31",
        "per": 43.41,
        "pbr": 0.94,
        "is_per_red": false,
        "is_pbr_red": false
      },
      {
        "date": "2021/03/31",
        "per": 35.56,
        "pbr": 1.05,
        "is_per_red": false,
        "is_pbr_red": false
      },
      {
        "date": "2022/03/31",
        "per": 17.8,
        "pbr": 0.95,
        "is_per_red": false,
        "is_pbr_red": false
      },
      {
        "date": "2023/03/31",
        "per": -1,
        "pbr": 1.02,
        "is_per_red": true,
        "is_pbr_red": false
      },
      {
        "date": "2024/03/29",
        "per": -1,
        "pbr": 1.32,
        "is_per_red": true,
        "is_pbr_red": false
      }
    ],
    "daily_data": [],
    "financial_data": [
      {
        "fiscal_year": "2008/03",
        "sales": 10400.0,
        "operating_profit": 463.0,
        "ordinary_profit": 475.0,
        "net_profit": 268.0,
        "roa": 9.34,
        "operating_margin": 4.41,
        "cost_ratio": 4.44,
        "sga_ratio": 86.73
      },
      {
        "fiscal_year": "2009/03",
        "sales": 5740.0,
        "operating_profit": 254.0,
        "ordinary_profit": 265.0,
        "net_profit": 164.0,
        "roa": 5.6,
        "operating_margin": 4.14,
        "cost_ratio": 4.43,
        "sga_ratio": 80.2
      },
      {
        "fiscal_year": "2010/03",
        "sales": 2560.0,
        "operating_profit": -170.0,
        "ordinary_profit": -151.0,
        "net_profit": -74.0,
        "roe": -13.46,
        "roa": -1,
        "operating_margin": -1,
        "cost_ratio": -6.64,
        "sga_ratio": 79.02
      },
      {
        "fiscal_year": "2011/03",
        "sales": 4990.0,
        "operating_profit": 84.0,
        "ordinary_profit": 94.0,
        "net_profit": 47.0,
        "roe": 8.54,
        "roa": 1.63,
        "operating_margin": 0.85,
        "cost_ratio": 1.68,
        "sga_ratio": 81.81
      },
      {
        "fiscal_year": "2012/03",
        "sales": 5970.0,
        "operating_profit": 268.0,
        "ordinary_profit": 275.0,
        "net_profit": 153.0,
        "roe": 27.79,
        "roa": 5.09,
        "operating_margin": 3.07,
        "cost_ratio": 4.5,
        "sga_ratio": 81.06
      },
      {
        "fiscal_year": "2013/03",
        "sales": 5360.0,
        "operating_profit": 193.0,
        "ordinary_profit": 200.0,
        "net_profit": 121.0,
        "roe": 21.92,
        "roa": 3.96,
        "operating_margin": 2.3,
        "cost_ratio": 3.6,
        "sga_ratio": 80.89
      },
      {
        "fiscal_year": "2014/03",
        "sales": 5460.0,
        "operating_profit": 335.0,
        "ordinary_profit": 345.0,
        "net_profit": 206.0,
        "roe": 37.74,
        "roa": 6.29,
        "operating_margin": 3.9,
        "cost_ratio": 6.15,
        "sga_ratio": 77.74
      },
      {
        "fiscal_year": "2015/03",
        "sales": 6350.0,
        "operating_profit": 445.0,
        "ordinary_profit": 455.99999999999994,
        "net_profit": 296.0,
        "roe": 54.4,
        "roa": 8.5,
        "operating_margin": 5.46,
        "cost_ratio": 7.01,
        "sga_ratio": 78.41
      },
      {
        "fiscal_year": "2016/03",
        "sales": 6180.0,
        "operating_profit": 563.0,
        "ordinary_profit": 566.0,
        "net_profit": 364.0,
        "eps": 285.0,
        "roe": 66.74,
        "roa": 9.93,
        "operating_margin": 6.39,
        "cost_ratio": 9.12,
        "sga_ratio": 75.36
      },
      {
        "fiscal_year": "2017/03",
        "sales": 8090.000000000001,
        "operating_profit": 833.0,
        "ordinary_profit": 834.0,
        "net_profit": 552.0,
        "eps": 620.0,
        "roe": 101.23,
        "roa": 13.27,
        "operating_margin": 7.64,
        "cost_ratio": 10.3,
        "sga_ratio": 75.08
      },
      {
        "fiscal_year": "2018/03",
        "sales": 9260.0,
        "operating_profit": 1030.0,
        "ordinary_profit": 1030.0,
        "net_profit": 696.0,
        "eps": 726.0,
        "roe": 127.68,
        "roa": 15.02,
        "operating_margin": 8.3,
        "cost_ratio": 11.11,
        "sga_ratio": 75.58
      },
      {
        "fiscal_year": "2019/03",
        "sales": 8720.0,
        "operating_profit": 738.0,
        "ordinary_profit": 747.0,
        "net_profit": 492.0,
        "eps": 429.0,
        "roe": 90.37,
        "roa": 10.19,
        "operating_margin": 6.0,
        "cost_ratio": 8.47,
        "sga_ratio": 77.2
      },
      {
        "fiscal_year": "2020/03",
        "sales": 6609.999999999999,
        "operating_profit": 192.0,
        "ordinary_profit": 177.0,
        "net_profit": 100.0,
        "eps": 45.0,
        "roe": 18.43,
        "roa": 2.16,
        "operating_margin": 1.35,
        "cost_ratio": 2.91,
        "sga_ratio": 78.06
      },
      {
        "fiscal_year": "2021/03",
        "sales": 6650.0,
        "operating_profit": 218.00000000000003,
        "ordinary_profit": 221.0,
        "net_profit": 136.0,
        "eps": 209.0,
        "roe": 25.03,
        "roa": 2.94,
        "operating_margin": 1.68,
        "cost_ratio": 3.28,
        "sga_ratio": 79.16
      },
      {
        "fiscal_year": "2022/03",
        "sales": 7430.0,
        "operating_profit": 256.0,
        "ordinary_profit": 268.0,
        "net_profit": 249.0,
        "eps": 228.0,
        "roe": 45.67,
        "roa": 5.36,
        "operating_margin": 2.86,
        "cost_ratio": 3.44,
        "sga_ratio": 80.11
      },
      {
        "fiscal_year": "2023/03",
        "sales": 6659.999999999999,
        "operating_profit": -123.0,
        "ordinary_profit": -93.0,
        "net_profit": -134.0,
        "eps": -144.0,
        "roe": -24.59,
        "roa": -1,
        "operating_margin": -1,
        "cost_ratio": -1.85,
        "sga_ratio": 83.35
      },
      {
        "fiscal_year": "2024/03",
        "sales": 4850.0,
        "operating_profit": -478.0,
        "ordinary_profit": -482.0,
        "net_profit": -600.0,
        "roe": -110.07,
        "roa": -1,
        "operating_margin": -1,
        "cost_ratio": -9.85,
        "sga_ratio": 84.43
      },
      {
        "fiscal_year": "2025/03",
        "sales": 6270.0,
        "operating_profit": 90.0,
        "ordinary_profit": 88.0,
        "net_profit": 86.0,
        "roe": 15.78,
        "roa": 2.55,
        "operating_margin": 1.26,
        "cost_ratio": 1.44
      }
    ],
    "dividend_data": [
      {
        "fiscal_year": "2010/03",
        "total_dividend": 700.0,
        "dividend_yield": 7.0
      },
      {
        "fiscal_year": "2011/03",
        "total_dividend": 800.0,
        "dividend_yield": 8.0
      },
      {
        "fiscal_year": "2012/03",
        "total_dividend": 1200.0,
        "dividend_yield": 12.0
      },
      {
        "fiscal_year": "2013/03",
        "total_dividend": 900.0,
        "dividend_yield": 9.0
      }
    ]
  },
  {
    "code": 5753,
    "name": "日本伸銅",
    "annual_data": [
      {
        "date": "2010/03/31",
        "per": 10.46,
        "pbr": 0.72,
        "is_per_red": false,
        "is_pbr_red": false
      },
      {
        "date": "2011/03/31",
        "per": 6.02,
        "pbr": 0.72,
        "is_per_red": false,
        "is_pbr_red": false
      },
      {
        "date": "2012/03/30",
        "per": 12.89,
        "pbr": 0.57,
        "is_per_red": false,
        "is_pbr_red": false
      },
      {
        "date": "2013/03/29",
        "per": -1,
        "pbr": 0.5,
        "is_per_red": true,
        "is_pbr_red": false
      },
      {
        "date": "2014/03/31",
        "per": -1,
        "pbr": 0.52,
        "is_per_red": true,
        "is_pbr_red": false
      },
      {
        "date": "2015/03/30",
        "per": -1,
        "pbr": 0.58,
        "is_per_red": true,
        "is_pbr_red": false
      },
      {
        "date": "2016/03/31",
        "per": 2.71,
        "pbr": 0.46,
        "is_per_red": false,
        "is_pbr_red": false
      },
      {
        "date": "2017/03/31",
        "per": 5.73,
        "pbr": 0.56,
        "is_per_red": false,
        "is_pbr_red": false
      },
      {
        "date": "2018/03/30",
        "per": 4.28,
        "pbr": 0.61,
        "is_per_red": false,
        "is_pbr_red": false
      },
      {
        "date": "2019/03/29",
        "per": 3.39,
        "pbr": 0.4,
        "is_per_red": false,
        "is_pbr_red": false
      },
      {
        "date": "2020/03/31",
        "per": 2.39,
        "pbr": 0.3,
        "is_per_red": false,
        "is_pbr_red": false
      },
      {
        "date": "2021/03/31",
        "per": 8.6,
        "pbr": 0.41,
        "is_per_red": false,
        "is_pbr_red": false
      },
      {
        "date": "2022/03/31",
        "per": 4.22,
        "pbr": 0.46,
        "is_per_red": false,
        "is_pbr_red": false
      },
      {
        "date": "2023/03/31",
        "per": 4.33,
        "pbr": 0.43,
        "is_per_red": false,
        "is_pbr_red": false
      },
      {
        "date": "2024/03/29",
        "per": 7.59,
        "pbr": 0.39,
        "is_per_red": false,
        "is_pbr_red": false
      }
    ],
    "daily_data": [],
    "financial_data": [
      {
        "fiscal_year": "2008/03",
        "sales": 25600.0,
        "operating_profit": 172.0,
        "ordinary_profit": 169.0,
        "net_profit": -202.0,
        "roe": -1,
        "roa": -1,
        "operating_margin": 0.67,
        "cost_ratio": 95.55,
        "sga_ratio": 3.78
      },
      {
        "fiscal_year": "2009/03",
        "sales": 18300.0,
        "operating_profit": -15.0,
        "ordinary_profit": 27.0,
        "net_profit": -4.0,
        "roe": -1,
        "roa": -1,
        "operating_margin": -0.08,
        "cost_ratio": 94.98,
        "sga_ratio": 5.1
      },
      {
        "fiscal_year": "2010/03",
        "sales": 14200.0,
        "operating_profit": 551.0,
        "ordinary_profit": 624.0,
        "net_profit": 315.0,
        "eps": 13.29,
        "roe": 6.84,
        "roa": 1.39,
        "operating_margin": 3.87,
        "cost_ratio": 90.15,
        "sga_ratio": 5.98
      },
      {
        "fiscal_year": "2011/03",
        "sales": 20300.0,
        "operating_profit": 1110.0,
        "ordinary_profit": 1070.0,
        "net_profit": 614.0,
        "eps": 25.91,
        "roe": 11.99,
        "roa": 2.15,
        "operating_margin": 5.44,
        "cost_ratio": 90.09,
        "sga_ratio": 4.47
      },
      {
        "fiscal_year": "2012/03",
        "sales": 17700.0,
        "operating_profit": 381.0,
        "ordinary_profit": 322.0,
        "net_profit": 239.0,
        "eps": 10.08,
        "roe": 4.45,
        "roa": 1.75,
        "operating_margin": 2.15,
        "cost_ratio": 92.7,
        "sga_ratio": 5.15
      },
      {
        "fiscal_year": "2013/03",
        "sales": 14300.0,
        "operating_profit": -92.0,
        "ordinary_profit": -104.0,
        "net_profit": -79.0,
        "eps": -3.33,
        "roe": -1,
        "roa": -1,
        "operating_margin": -0.64,
        "cost_ratio": 94.65,
        "sga_ratio": 5.99
      },
      {
        "fiscal_year": "2014/03",
        "sales": 13300.0,
        "operating_profit": -296.0,
        "ordinary_profit": -289.0,
        "net_profit": -332.0,
        "eps": -14.06,
        "roe": -1,
        "roa": -1,
        "operating_margin": -2.23,
        "cost_ratio": 96.36,
        "sga_ratio": 5.88
      },
      {
        "fiscal_year": "2015/03",
        "sales": 16200.0,
        "operating_profit": 49.0,
        "ordinary_profit": 69.0,
        "net_profit": -412.0,
        "eps": -17.45,
        "roe": -1,
        "roa": -1,
        "operating_margin": 0.3,
        "cost_ratio": 94.76,
        "sga_ratio": 4.92
      },
      {
        "fiscal_year": "2016/03",
        "sales": 15400.0,
        "operating_profit": 38.0,
        "ordinary_profit": 416.0,
        "net_profit": 844.0,
        "eps": 35.75,
        "roe": 16.96,
        "roa": 8.71,
        "operating_margin": 0.25,
        "cost_ratio": 95.76,
        "sga_ratio": 3.99
      },
      {
        "fiscal_year": "2017/03",
        "sales": 15800.0,
        "operating_profit": 924.0,
        "ordinary_profit": 763.0,
        "net_profit": 542.0,
        "eps": 229.59,
        "roe": 9.71,
        "roa": 4.87,
        "operating_margin": 5.85,
        "cost_ratio": 89.6,
        "sga_ratio": 4.55
      },
      {
        "fiscal_year": "2018/03",
        "sales": 19100.0,
        "operating_profit": 1330.0,
        "ordinary_profit": 1200.0,
        "net_profit": 919.0,
        "eps": 389.34,
        "roe": 14.2,
        "roa": 7.3,
        "operating_margin": 6.99,
        "cost_ratio": 89.29,
        "sga_ratio": 3.71
      },
      {
        "fiscal_year": "2019/03",
        "sales": 20700.0,
        "operating_profit": 1250.0,
        "ordinary_profit": 1250.0,
        "net_profit": 865.0,
        "eps": 366.49,
        "roe": 11.85,
        "roa": 6.93,
        "operating_margin": 6.04,
        "cost_ratio": 90.61,
        "sga_ratio": 3.36
      },
      {
        "fiscal_year": "2020/03",
        "sales": 17200.0,
        "operating_profit": 1100.0,
        "ordinary_profit": 1490.0,
        "net_profit": 1030.0,
        "eps": 435.15,
        "roe": 12.45,
        "roa": 8.85,
        "operating_margin": 6.41,
        "cost_ratio": 89.39,
        "sga_ratio": 4.19
      },
      {
        "fiscal_year": "2021/03",
        "sales": 15600.0,
        "operating_profit": 1650.0,
        "ordinary_profit": 606.0,
        "net_profit": 415.00000000000006,
        "eps": 176.21,
        "roe": 4.77,
        "roa": 3.21,
        "operating_margin": 10.59,
        "cost_ratio": 85.29,
        "sga_ratio": 4.12
      },
      {
        "fiscal_year": "2022/03",
        "sales": 26100.0,
        "operating_profit": 2370.0,
        "ordinary_profit": 1500.0,
        "net_profit": 1060.0,
        "eps": 463.16,
        "roe": 11.19,
        "roa": 6.86,
        "operating_margin": 9.05,
        "cost_ratio": 88.22,
        "sga_ratio": 2.73
      },
      {
        "fiscal_year": "2023/03",
        "sales": 27200.0,
        "operating_profit": 1590.0,
        "ordinary_profit": 1510.0,
        "net_profit": 1030.0,
        "eps": 473.58,
        "roe": 9.95,
        "roa": 6.69,
        "operating_margin": 5.84,
        "cost_ratio": 91.18,
        "sga_ratio": 2.98
      },
      {
        "fiscal_year": "2024/03",
        "sales": 23300.0,
        "operating_profit": 1200.0,
        "ordinary_profit": 801.0,
        "net_profit": 555.0,
        "eps": 259.54,
        "roe": 5.08,
        "roa": 3.71,
        "operating_margin": 5.14,
        "cost_ratio": 91.16,
        "sga_ratio": 3.69
      },
      {
        "fiscal_year": "2025/03",
        "sales": 26000.0,
        "operating_profit": 1500.0,
        "ordinary_profit": 1080.0,
        "net_profit": 740.0,
        "eps": 346.28,
        "roe": 6.46,
        "roa": 4.75,
        "operating_margin": 5.77
      }
    ],
    "dividend_data": [
      {
        "fiscal_year": "2010/03",
        "total_dividend": 3.0,
        "dividend_yield": 2.16
      },
      {
        "fiscal_year": "2011/03",
        "total_dividend": 4.0,
        "dividend_yield": 2.56
      },
      {
        "fiscal_year": "2012/03",
        "total_dividend": 2.0,
        "dividend_yield": 1.54
      },
      {
        "fiscal_year": "2013/03",
        "total_dividend": 0.0,
        "dividend_yield": 0.0
      }
    ]
  },
  {
    "code": 5757,
    "name": "ＣＫサンエツ",
    "annual_data": [
      {
        "date": "2010/03/31",
        "per": 1.68,
        "pbr": 0.41,
        "is_per_red": false,
        "is_pbr_red": false
      },
      {
        "date": "2011/03/31",
        "per": 2.31,
        "pbr": 0.4,
        "is_per_red": false,
        "is_pbr_red": false
      },
      {
        "date": "2012/03/30",
        "per": 4.26,
        "pbr": 0.59,
        "is_per_red": false,
        "is_pbr_red": false
      },
      {
        "date": "2013/03/29",
        "per": 5.55,
        "pbr": 0.7,
        "is_per_red": false,
        "is_pbr_red": false
      },
      {
        "date": "2014/03/31",
        "per": 4.11,
        "pbr": 0.42,
        "is_per_red": false,
        "is_pbr_red": false
      },
      {
        "date": "2015/03/31",
        "per": 4.72,
        "pbr": 0.46,
        "is_per_red": false,
        "is_pbr_red": false
      },
      {
        "date": "2016/03/31",
        "per": 4.65,
        "pbr": 0.4,
        "is_per_red": false,
        "is_pbr_red": false
      },
      {
        "date": "2017/03/31",
        "per": 5.67,
        "pbr": 0.53,
        "is_per_red": false,
        "is_pbr_red": false
      },
      {
        "date": "2018/03/30",
        "per": 11.52,
        "pbr": 1.4,
        "is_per_red": false,
        "is_pbr_red": false
      },
      {
        "date": "2019/03/29",
        "per": 7.05,
        "pbr": 0.72,
        "is_per_red": false,
        "is_pbr_red": false
      },
      {
        "date": "2020/03/31",
        "per": 6.93,
        "pbr": 0.68,
        "is_per_red": false,
        "is_pbr_red": false
      },
      {
        "date": "2021/03/31",
        "per": 197.26,
        "pbr": 0.98,
        "is_per_red": false,
        "is_pbr_red": false
      },
      {
        "date": "2022/03/31",
        "per": 7.39,
        "pbr": 0.82,
        "is_per_red": false,
        "is_pbr_red": false
      },
      {
        "date": "2023/03/31",
        "per": 6.75,
        "pbr": 0.83,
        "is_per_red": false,
        "is_pbr_red": false
      },
      {
        "date": "2024/03/29",
        "per": 8.68,
        "pbr": 0.7,
        "is_per_red": false,
        "is_pbr_red": false
      }
    ],
    "daily_data": [],
    "financial_data": [
      {
        "fiscal_year": "2008/03",
        "sales": 51900.0,
        "operating_profit": 1070.0,
        "ordinary_profit": 906.0,
        "net_profit": 536.0,
        "roa": 5.11,
        "operating_margin": 1.54,
        "cost_ratio": 2.07,
        "sga_ratio": 94.58
      },
      {
        "fiscal_year": "2009/03",
        "sales": 42700.0,
        "operating_profit": -1240.0,
        "ordinary_profit": -1450.0,
        "net_profit": -2330.0,
        "roa": -1,
        "operating_margin": -1,
        "cost_ratio": -2.91,
        "sga_ratio": 98.9
      },
      {
        "fiscal_year": "2010/03",
        "sales": 34500.0,
        "operating_profit": 3390.0,
        "ordinary_profit": 3410.0,
        "net_profit": 2650.0,
        "roe": 335.32,
        "roa": 24.37,
        "operating_margin": 11.01,
        "cost_ratio": 9.85,
        "sga_ratio": 85.77
      },
      {
        "fiscal_year": "2011/03",
        "sales": 48600.0,
        "operating_profit": 3610.0,
        "ordinary_profit": 3420.0000000000005,
        "net_profit": 2250.0,
        "eps": 2260.0,
        "roe": 284.58,
        "roa": 17.23,
        "operating_margin": 7.52,
        "cost_ratio": 7.42,
        "sga_ratio": 88.88
      },
      {
        "fiscal_year": "2012/03",
        "sales": 54300.0,
        "operating_profit": 1900.0,
        "ordinary_profit": 2140.0,
        "net_profit": 1960.0000000000002,
        "eps": 1839.9999999999998,
        "roe": 220.82,
        "roa": 13.8,
        "operating_margin": 5.77,
        "cost_ratio": 3.5,
        "sga_ratio": 91.56
      },
      {
        "fiscal_year": "2013/03",
        "sales": 48100.0,
        "operating_profit": 2570.0,
        "ordinary_profit": 2590.0,
        "net_profit": 2050.0,
        "eps": 2110.0,
        "roe": 230.74,
        "roa": 12.59,
        "operating_margin": 5.96,
        "cost_ratio": 5.34,
        "sga_ratio": 88.89
      },
      {
        "fiscal_year": "2014/03",
        "sales": 57700.0,
        "operating_profit": 2680.0,
        "ordinary_profit": 2990.0,
        "net_profit": 1850.0,
        "eps": 1980.0,
        "roe": 265.32,
        "roa": 10.07,
        "operating_margin": 4.9,
        "cost_ratio": 4.65,
        "sga_ratio": 89.42
      },
      {
        "fiscal_year": "2015/03",
        "sales": 61700.0,
        "operating_profit": 2370.0,
        "ordinary_profit": 2480.0,
        "net_profit": 2030.0,
        "eps": 2070.0,
        "roe": 287.1,
        "roa": 9.75,
        "operating_margin": 3.99,
        "cost_ratio": 3.84,
        "sga_ratio": 90.62
      },
      {
        "fiscal_year": "2016/03",
        "sales": 68500.0,
        "operating_profit": 1820.0,
        "ordinary_profit": 2840.0,
        "net_profit": 1910.0000000000002,
        "eps": 1950.0,
        "roe": 254.12,
        "roa": 8.25,
        "operating_margin": 4.11,
        "cost_ratio": 2.65,
        "sga_ratio": 91.88
      },
      {
        "fiscal_year": "2017/03",
        "sales": 68100.0,
        "operating_profit": 4380.0,
        "ordinary_profit": 3979.9999999999995,
        "net_profit": 2460.0,
        "eps": 2910.0,
        "roe": 312.98,
        "roa": 9.28,
        "operating_margin": 4.84,
        "cost_ratio": 6.43,
        "sga_ratio": 87.47
      },
      {
        "fiscal_year": "2018/03",
        "sales": 83400.0,
        "operating_profit": 6060.0,
        "ordinary_profit": 5900.0,
        "net_profit": 3640.0,
        "eps": 4320.0,
        "roe": 454.17,
        "roa": 12.07,
        "operating_margin": 6.26,
        "cost_ratio": 7.26,
        "sga_ratio": 87.61
      },
      {
        "fiscal_year": "2019/03",
        "sales": 84600.0,
        "operating_profit": 4950.0,
        "ordinary_profit": 5000.0,
        "net_profit": 3320.0000000000005,
        "eps": 3729.9999999999995,
        "roe": 410.64,
        "roa": 10.13,
        "operating_margin": 5.78,
        "cost_ratio": 5.84,
        "sga_ratio": 89.21
      },
      {
        "fiscal_year": "2020/03",
        "sales": 75400.0,
        "operating_profit": 4330.0,
        "ordinary_profit": 5860.0,
        "net_profit": 3479.9999999999995,
        "eps": 3929.9999999999995,
        "roe": 424.42,
        "roa": 9.81,
        "operating_margin": 6.21,
        "cost_ratio": 5.74,
        "sga_ratio": 88.61
      },
      {
        "fiscal_year": "2021/03",
        "sales": 69100.0,
        "operating_profit": 5390.0,
        "ordinary_profit": 422.0,
        "net_profit": 174.0,
        "eps": 669.0,
        "roe": 21.14,
        "roa": 0.49,
        "operating_margin": 0.26,
        "cost_ratio": 7.8,
        "sga_ratio": 86.26
      },
      {
        "fiscal_year": "2022/03",
        "sales": 115300.0,
        "operating_profit": 10800.0,
        "ordinary_profit": 6570.0,
        "net_profit": 4310.0,
        "eps": 4820.0,
        "roe": 517.08,
        "roa": 11.2,
        "operating_margin": 6.07,
        "cost_ratio": 9.34,
        "sga_ratio": 86.52
      },
      {
        "fiscal_year": "2023/03",
        "sales": 123800.0,
        "operating_profit": 8280.0,
        "ordinary_profit": 8660.0,
        "net_profit": 5320.0,
        "eps": 6020.0,
        "roe": 644.32,
        "roa": 12.26,
        "operating_margin": 7.05,
        "cost_ratio": 6.69,
        "sga_ratio": 89.31
      },
      {
        "fiscal_year": "2024/03",
        "sales": 111400.0,
        "operating_profit": 7930.0,
        "ordinary_profit": 6090.0,
        "net_profit": 3820.0000000000005,
        "eps": 4790.0,
        "roe": 458.12,
        "roa": 8.04,
        "operating_margin": 4.95,
        "cost_ratio": 7.12,
        "sga_ratio": 88.31
      },
      {
        "fiscal_year": "2025/03",
        "sales": 122000.0,
        "operating_profit": 9300.0,
        "ordinary_profit": 7400.0,
        "net_profit": 4600.0,
        "roe": 543.02,
        "roa": 9.18,
        "operating_margin": 5.45,
        "cost_ratio": 7.62
      }
    ],
    "dividend_data": [
      {
        "fiscal_year": "2010/03",
        "total_dividend": 6.5,
        "dividend_yield": 1.15
      },
      {
        "fiscal_year": "2011/03",
        "total_dividend": 10.0,
        "dividend_yield": 1.52
      },
      {
        "fiscal_year": "2012/03",
        "total_dividend": 10.0,
        "dividend_yield": 1.06
      },
      {
        "fiscal_year": "2013/03",
        "total_dividend": 12.0,
        "dividend_yield": 0.94
      }
    ]
  },
  {
    "code": 5759,
    "name": "日本電解",
    "annual_data": [
      {
        "date": "2022/03/31",
        "per": 30.67,
        "pbr": 4.53,
        "is_per_red": false,
        "is_pbr_red": false
      },
      {
        "date": "2023/03/31",
        "per": -1,
        "pbr": 2.21,
        "is_per_red": true,
        "is_pbr_red": false
      },
      {
        "date": "2024/03/29",
        "per": -1,
        "pbr": 1.64,
        "is_per_red": true,
        "is_pbr_red": false
      }
    ],
    "daily_data": [],
    "financial_data": [
      {
        "fiscal_year": "2017/03",
        "ordinary_profit": -163.0,
        "net_profit": -163.0,
        "roe": -22.67,
        "operating_margin": -1
      },
      {
        "fiscal_year": "2018/03",
        "ordinary_profit": -2.0,
        "net_profit": -3.0,
        "roe": -0.46
      },
      {
        "fiscal_year": "2019/03",
        "sales": 10900.0,
        "operating_profit": 451.99999999999994,
        "ordinary_profit": 418.0,
        "net_profit": 23.0,
        "eps": 23.0,
        "roe": 3.19,
        "roa": 0.93,
        "operating_margin": 0.22,
        "cost_ratio": 4.16,
        "sga_ratio": 88.27
      },
      {
        "fiscal_year": "2020/03",
        "sales": 12500.0,
        "operating_profit": 911.9999999999999,
        "ordinary_profit": 843.0,
        "net_profit": 1989.9999999999998,
        "eps": 1970.0,
        "roe": 276.12,
        "roa": 44.83,
        "operating_margin": 14.46,
        "cost_ratio": 7.31,
        "sga_ratio": 85.76
      },
      {
        "fiscal_year": "2021/03",
        "sales": 14600.0,
        "operating_profit": 527.0,
        "ordinary_profit": 440.00000000000006,
        "net_profit": 193.0,
        "eps": 512.0,
        "roe": 26.86,
        "roa": 3.91,
        "operating_margin": 1.42,
        "cost_ratio": 3.61,
        "sga_ratio": 88.2
      },
      {
        "fiscal_year": "2022/03",
        "sales": 20600.0,
        "operating_profit": 1000.0,
        "ordinary_profit": 976.0,
        "net_profit": 848.0,
        "eps": 722.0,
        "roe": 117.22,
        "roa": 14.74,
        "operating_margin": 4.7,
        "cost_ratio": 4.89,
        "sga_ratio": 90.12
      },
      {
        "fiscal_year": "2023/03",
        "sales": 17000.0,
        "operating_profit": -1610.0000000000002,
        "ordinary_profit": -1839.9999999999998,
        "net_profit": -1930.0,
        "eps": -1739.9999999999998,
        "roe": -252.36,
        "roa": -1,
        "operating_margin": -1,
        "cost_ratio": -9.45,
        "sga_ratio": 99.39
      },
      {
        "fiscal_year": "2024/03",
        "sales": 16700.0,
        "operating_profit": -1030.0,
        "ordinary_profit": -1290.0,
        "net_profit": -874.0,
        "eps": -723.0,
        "roe": -96.63,
        "roa": -1,
        "operating_margin": -1,
        "cost_ratio": -6.21,
        "sga_ratio": 98.86
      },
      {
        "fiscal_year": "2025/03",
        "sales": 19000.0,
        "operating_profit": -1050.0,
        "ordinary_profit": -1660.0000000000002,
        "net_profit": -5290.0,
        "roe": -524.26,
        "roa": -1,
        "operating_margin": -1,
        "cost_ratio": -5.53
      }
    ],
    "dividend_data": [
      {
        "fiscal_year": "2021/03",
        "total_dividend": 0.0
      }
    ]
  },
  {
    "code": 5801,
    "name": "古河電気工業",
    "annual_data": [
      {
        "date": "2010/03/31",
        "per": 35.39,
        "pbr": 2.1,
        "is_per_red": false,
        "is_pbr_red": false
      },
      {
        "date": "2011/03/31",
        "per": 19.44,
        "pbr": 1.43,
        "is_per_red": false,
        "is_pbr_red": false
      },
      {
        "date": "2012/03/30",
        "per": -1,
        "pbr": 1.07,
        "is_per_red": true,
        "is_pbr_red": false
      },
      {
        "date": "2013/03/29",
        "per": 41.5,
        "pbr": 0.9,
        "is_per_red": false,
        "is_pbr_red": false
      },
      {
        "date": "2014/03/31",
        "per": 32.36,
        "pbr": 1.02,
        "is_per_red": false,
        "is_pbr_red": false
      },
      {
        "date": "2015/03/31",
        "per": 19.49,
        "pbr": 0.75,
        "is_per_red": false,
        "is_pbr_red": false
      },
      {
        "date": "2016/03/31",
        "per": 17.15,
        "pbr": 0.99,
        "is_per_red": false,
        "is_pbr_red": false
      },
      {
        "date": "2017/03/31",
        "per": 16.05,
        "pbr": 1.36,
        "is_per_red": false,
        "is_pbr_red": false
      },
      {
        "date": "2018/03/30",
        "per": 14.1,
        "pbr": 1.7,
        "is_per_red": false,
        "is_pbr_red": false
      },
      {
        "date": "2019/03/29",
        "per": 6.76,
        "pbr": 0.79,
        "is_per_red": false,
        "is_pbr_red": false
      },
      {
        "date": "2020/03/31",
        "per": 7.85,
        "pbr": 0.58,
        "is_per_red": false,
        "is_pbr_red": false
      },
      {
        "date": "2021/03/31",
        "per": 20.93,
        "pbr": 0.81,
        "is_per_red": false,
        "is_pbr_red": false
      },
      {
        "date": "2022/03/31",
        "per": 15.18,
        "pbr": 0.55,
        "is_per_red": false,
        "is_pbr_red": false
      },
      {
        "date": "2023/03/31",
        "per": 10.9,
        "pbr": 0.57,
        "is_per_red": false,
        "is_pbr_red": false
      },
      {
        "date": "2024/03/29",
        "per": 35.04,
        "pbr": 0.7,
        "is_per_red": false,
        "is_pbr_red": false
      }
    ],
    "daily_data": [],
    "financial_data": [
      {
        "fiscal_year": "2008/03",
        "sales": 1170000.0,
        "operating_profit": 48400.0,
        "ordinary_profit": 40800.0,
        "net_profit": 15300.0,
        "roa": 6.59,
        "operating_margin": 1.51,
        "cost_ratio": 4.13,
        "sga_ratio": 85.37
      },
      {
        "fiscal_year": "2009/03",
        "sales": 1030000.0,
        "operating_profit": 9750.0,
        "ordinary_profit": -14800.0,
        "net_profit": -37400.0,
        "roa": -1,
        "operating_margin": -1,
        "cost_ratio": 0.94,
        "sga_ratio": 87.08
      },
      {
        "fiscal_year": "2010/03",
        "sales": 810000.0,
        "operating_profit": 20300.0,
        "ordinary_profit": 19300.0,
        "net_profit": 9700.0,
        "roe": 13.73,
        "roa": 5.94,
        "operating_margin": 1.16,
        "cost_ratio": 2.51,
        "sga_ratio": 83.91
      },
      {
        "fiscal_year": "2011/03",
        "sales": 930000.0,
        "operating_profit": 35100.0,
        "ordinary_profit": 31400.0,
        "net_profit": 12200.0,
        "eps": 10400.0,
        "roe": 17.28,
        "roa": 7.36,
        "operating_margin": 1.48,
        "cost_ratio": 3.8,
        "sga_ratio": 83.55
      },
      {
        "fiscal_year": "2012/03",
        "sales": 920000.0,
        "operating_profit": 15900.0,
        "ordinary_profit": 12900.0,
        "net_profit": -11100.0,
        "eps": -17000.0,
        "roe": -15.74,
        "roa": -1,
        "operating_margin": -1,
        "cost_ratio": 1.74,
        "sga_ratio": 85.65
      },
      {
        "fiscal_year": "2013/03",
        "sales": 920000.0,
        "operating_profit": 17800.0,
        "ordinary_profit": 17600.0,
        "net_profit": 3579.9999999999995,
        "eps": 25600.0,
        "roe": 5.06,
        "roa": 2.16,
        "operating_margin": 0.44,
        "cost_ratio": 1.92,
        "sga_ratio": 85.09
      },
      {
        "fiscal_year": "2014/03",
        "sales": 930000.0,
        "operating_profit": 25500.0,
        "ordinary_profit": 25500.0,
        "net_profit": 5610.0,
        "eps": 19600.0,
        "roe": 7.94,
        "roa": 3.16,
        "operating_margin": 0.78,
        "cost_ratio": 2.73,
        "sga_ratio": 84.84
      },
      {
        "fiscal_year": "2015/03",
        "sales": 870000.0,
        "operating_profit": 17900.0,
        "ordinary_profit": 18600.0,
        "net_profit": 7359.999999999999,
        "eps": 21500.0,
        "roe": 10.42,
        "roa": 3.86,
        "operating_margin": 1.0,
        "cost_ratio": 2.06,
        "sga_ratio": 85.4
      },
      {
        "fiscal_year": "2016/03",
        "sales": 870000.0,
        "operating_profit": 27100.0,
        "ordinary_profit": 18700.0,
        "net_profit": 10000.0,
        "eps": -12700.0,
        "roe": 14.17,
        "roa": 5.78,
        "operating_margin": 1.42,
        "cost_ratio": 3.1,
        "sga_ratio": 83.89
      },
      {
        "fiscal_year": "2017/03",
        "sales": 840000.0,
        "operating_profit": 38600.0,
        "ordinary_profit": 36000.0,
        "net_profit": 17600.0,
        "eps": 41800.0,
        "roe": 249.16,
        "roa": 8.5,
        "operating_margin": 2.34,
        "cost_ratio": 4.58,
        "sga_ratio": 81.72
      },
      {
        "fiscal_year": "2018/03",
        "sales": 970000.0,
        "operating_profit": 44800.0,
        "ordinary_profit": 46900.0,
        "net_profit": 28500.0,
        "eps": 37700.0,
        "roe": 405.04,
        "roa": 12.07,
        "operating_margin": 3.53,
        "cost_ratio": 4.63,
        "sga_ratio": 82.85
      },
      {
        "fiscal_year": "2019/03",
        "sales": 990000.0,
        "operating_profit": 40800.0,
        "ordinary_profit": 39100.0,
        "net_profit": 29100.0,
        "eps": 19100.0,
        "roe": 412.97,
        "roa": 11.75,
        "operating_margin": 3.56,
        "cost_ratio": 4.12,
        "sga_ratio": 83.15
      },
      {
        "fiscal_year": "2020/03",
        "sales": 910000.0,
        "operating_profit": 23600.0,
        "ordinary_profit": 22800.0,
        "net_profit": 17600.0,
        "eps": -2060.0,
        "roe": 250.24,
        "roa": 7.34,
        "operating_margin": 2.22,
        "cost_ratio": 2.58,
        "sga_ratio": 83.57
      },
      {
        "fiscal_year": "2021/03",
        "sales": 810000.0,
        "operating_profit": 8430.0,
        "ordinary_profit": 5190.0,
        "net_profit": 10000.0,
        "eps": 27900.0,
        "roe": 141.87,
        "roa": 3.85,
        "operating_margin": 1.2,
        "cost_ratio": 1.04,
        "sga_ratio": 84.07
      },
      {
        "fiscal_year": "2022/03",
        "sales": 930000.0,
        "operating_profit": 11400.0,
        "ordinary_profit": 19700.0,
        "net_profit": 10100.0,
        "eps": 27800.0,
        "roe": 143.38,
        "roa": 3.61,
        "operating_margin": 1.08,
        "cost_ratio": 1.23,
        "sga_ratio": 85.09
      },
      {
        "fiscal_year": "2023/03",
        "sales": 1070000.0,
        "operating_profit": 15400.0,
        "ordinary_profit": 17300.0,
        "net_profit": 15900.0,
        "eps": 27300.0,
        "roe": 225.79,
        "roa": 5.27,
        "operating_margin": 1.7,
        "cost_ratio": 1.45,
        "sga_ratio": 85.3
      },
      {
        "fiscal_year": "2024/03",
        "sales": 1060000.0,
        "operating_profit": 11200.0,
        "ordinary_profit": 10300.0,
        "net_profit": 6509.999999999999,
        "eps": 35000.0,
        "roe": 92.39,
        "roa": 1.98,
        "operating_margin": 0.66,
        "cost_ratio": 1.06,
        "sga_ratio": 84.95
      },
      {
        "fiscal_year": "2025/03",
        "sales": 1140000.0,
        "operating_profit": 38000.0,
        "ordinary_profit": 36000.0,
        "net_profit": 22000.0,
        "roe": 312.17,
        "roa": 6.8,
        "operating_margin": 2.25,
        "cost_ratio": 3.33
      }
    ],
    "dividend_data": [
      {
        "fiscal_year": "2010/03",
        "total_dividend": 5.0,
        "dividend_yield": 1.03
      },
      {
        "fiscal_year": "2011/03",
        "total_dividend": 5.5,
        "dividend_yield": 1.64
      },
      {
        "fiscal_year": "2012/03",
        "total_dividend": 2.5,
        "dividend_yield": 1.14
      },
      {
        "fiscal_year": "2013/03",
        "total_dividend": 3.0,
        "dividend_yield": 1.43
      }
    ]
  },
  {
    "code": 5802,
    "name": "住友電気工業",
    "annual_data": [
      {
        "date": "2010/03/31",
        "per": 31.69,
        "pbr": 1.01,
        "is_per_red": false,
        "is_pbr_red": false
      },
      {
        "date": "2011/03/31",
        "per": 12.94,
        "pbr": 0.96,
        "is_per_red": false,
        "is_pbr_red": false
      },
      {
        "date": "2012/03/30",
        "per": 15.28,
        "pbr": 0.91,
        "is_per_red": false,
        "is_pbr_red": false
      },
      {
        "date": "2013/03/29",
        "per": 24.28,
        "pbr": 0.86,
        "is_per_red": false,
        "is_pbr_red": false
      },
      {
        "date": "2014/03/31",
        "per": 18.25,
        "pbr": 1.02,
        "is_per_red": false,
        "is_pbr_red": false
      },
      {
        "date": "2015/03/31",
        "per": 10.43,
        "pbr": 0.87,
        "is_per_red": false,
        "is_pbr_red": false
      },
      {
        "date": "2016/03/31",
        "per": 11.93,
        "pbr": 0.8,
        "is_per_red": false,
        "is_pbr_red": false
      },
      {
        "date": "2017/03/31",
        "per": 13.41,
        "pbr": 1.02,
        "is_per_red": false,
        "is_pbr_red": false
      },
      {
        "date": "2018/03/30",
        "per": 10.53,
        "pbr": 0.82,
        "is_per_red": false,
        "is_pbr_red": false
      },
      {
        "date": "2019/03/29",
        "per": 9.7,
        "pbr": 0.74,
        "is_per_red": false,
        "is_pbr_red": false
      },
      {
        "date": "2020/03/31",
        "per": 12.21,
        "pbr": 0.58,
        "is_per_red": false,
        "is_pbr_red": false
      },
      {
        "date": "2021/03/31",
        "per": 22.95,
        "pbr": 0.79,
        "is_per_red": false,
        "is_pbr_red": false
      },
      {
        "date": "2022/03/31",
        "per": 11.84,
        "pbr": 0.64,
        "is_per_red": false,
        "is_pbr_red": false
      },
      {
        "date": "2023/03/31",
        "per": 11.75,
        "pbr": 0.7,
        "is_per_red": false,
        "is_pbr_red": false
      },
      {
        "date": "2024/03/29",
        "per": 12.23,
        "pbr": 0.83,
        "is_per_red": false,
        "is_pbr_red": false
      }
    ],
    "daily_data": [],
    "financial_data": [
      {
        "fiscal_year": "2008/03",
        "sales": 2540000.0,
        "operating_profit": 149000.0,
        "ordinary_profit": 169600.0,
        "net_profit": 87800.0,
        "roa": 9.08,
        "operating_margin": 4.0,
        "cost_ratio": 5.86,
        "sga_ratio": 82.74
      },
      {
        "fiscal_year": "2009/03",
        "sales": 2120000.0,
        "operating_profit": 23500.0,
        "ordinary_profit": 37800.0,
        "net_profit": 17200.0,
        "roa": 2.0,
        "operating_margin": 0.92,
        "cost_ratio": 1.11,
        "sga_ratio": 85.51
      },
      {
        "fiscal_year": "2010/03",
        "sales": 1840000.0,
        "operating_profit": 51700.0,
        "ordinary_profit": 68200.0,
        "net_profit": 28700.0,
        "roe": 36.16,
        "roa": 3.18,
        "operating_margin": 1.48,
        "cost_ratio": 2.82,
        "sga_ratio": 82.59
      },
      {
        "fiscal_year": "2011/03",
        "sales": 2029999.9999999998,
        "operating_profit": 103800.0,
        "ordinary_profit": 129100.0,
        "net_profit": 70600.0,
        "eps": 59400.0,
        "roe": 88.94,
        "roa": 7.44,
        "operating_margin": 3.61,
        "cost_ratio": 5.1,
        "sga_ratio": 81.46
      },
      {
        "fiscal_year": "2012/03",
        "sales": 2060000.0,
        "operating_profit": 86900.0,
        "ordinary_profit": 106700.0,
        "net_profit": 58900.0,
        "eps": 59200.0,
        "roe": 74.14,
        "roa": 5.96,
        "operating_margin": 2.84,
        "cost_ratio": 4.22,
        "sga_ratio": 81.99
      },
      {
        "fiscal_year": "2013/03",
        "sales": 2160000.0,
        "operating_profit": 76800.0,
        "ordinary_profit": 94100.0,
        "net_profit": 38000.0,
        "eps": 122000.0,
        "roe": 47.81,
        "roa": 3.54,
        "operating_margin": 1.65,
        "cost_ratio": 3.56,
        "sga_ratio": 82.64
      },
      {
        "fiscal_year": "2014/03",
        "sales": 2570000.0,
        "operating_profit": 120100.0,
        "ordinary_profit": 145400.0,
        "net_profit": 66700.0,
        "eps": 156900.0,
        "roe": 84.15,
        "roa": 5.61,
        "operating_margin": 2.61,
        "cost_ratio": 4.67,
        "sga_ratio": 81.93
      },
      {
        "fiscal_year": "2015/03",
        "sales": 2820000.0,
        "operating_profit": 134500.0,
        "ordinary_profit": 160600.0,
        "net_profit": 119800.0,
        "eps": 286400.0,
        "roe": 151.0,
        "roa": 8.37,
        "operating_margin": 4.09,
        "cost_ratio": 4.76,
        "sga_ratio": 81.85
      },
      {
        "fiscal_year": "2016/03",
        "sales": 2930000.0,
        "operating_profit": 143500.0,
        "ordinary_profit": 165700.0,
        "net_profit": 91000.0,
        "eps": -41000.0,
        "roe": 114.73,
        "roa": 6.69,
        "operating_margin": 3.32,
        "cost_ratio": 4.89,
        "sga_ratio": 81.73
      },
      {
        "fiscal_year": "2017/03",
        "sales": 2810000.0,
        "operating_profit": 150500.0,
        "ordinary_profit": 173900.0,
        "net_profit": 107600.0,
        "eps": 120200.0,
        "roe": 137.61,
        "roa": 7.6,
        "operating_margin": 3.7,
        "cost_ratio": 5.35,
        "sga_ratio": 81.16
      },
      {
        "fiscal_year": "2018/03",
        "sales": 3080000.0,
        "operating_profit": 173100.0,
        "ordinary_profit": 195000.0,
        "net_profit": 120300.0,
        "eps": 180800.0,
        "roe": 154.29,
        "roa": 7.82,
        "operating_margin": 4.01,
        "cost_ratio": 5.62,
        "sga_ratio": 81.35
      },
      {
        "fiscal_year": "2019/03",
        "sales": 3180000.0,
        "operating_profit": 166300.0,
        "ordinary_profit": 188600.0,
        "net_profit": 118100.0,
        "eps": 85400.0,
        "roe": 151.38,
        "roa": 7.61,
        "operating_margin": 3.87,
        "cost_ratio": 5.23,
        "sga_ratio": 81.6
      },
      {
        "fiscal_year": "2020/03",
        "sales": 3110000.0,
        "operating_profit": 127200.0,
        "ordinary_profit": 130500.0,
        "net_profit": 72700.0,
        "eps": 11400.0,
        "roe": 93.24,
        "roa": 4.79,
        "operating_margin": 2.35,
        "cost_ratio": 4.09,
        "sga_ratio": 82.2
      },
      {
        "fiscal_year": "2021/03",
        "sales": 2920000.0,
        "operating_profit": 113900.0,
        "ordinary_profit": 114100.0,
        "net_profit": 56300.0,
        "eps": 162500.0,
        "roe": 72.25,
        "roa": 3.46,
        "operating_margin": 1.67,
        "cost_ratio": 3.9,
        "sga_ratio": 81.79
      },
      {
        "fiscal_year": "2022/03",
        "sales": 3370000.0,
        "operating_profit": 122200.0,
        "ordinary_profit": 138200.0,
        "net_profit": 96300.0,
        "eps": 201600.0,
        "roe": 123.49,
        "roa": 5.44,
        "operating_margin": 2.53,
        "cost_ratio": 3.63,
        "sga_ratio": 82.96
      },
      {
        "fiscal_year": "2023/03",
        "sales": 4010000.0,
        "operating_profit": 177400.0,
        "ordinary_profit": 173300.0,
        "net_profit": 112700.0,
        "eps": 231900.0,
        "roe": 144.45,
        "roa": 5.93,
        "operating_margin": 2.81,
        "cost_ratio": 4.43,
        "sga_ratio": 83.27
      },
      {
        "fiscal_year": "2024/03",
        "sales": 4400000.0,
        "operating_profit": 226600.0,
        "ordinary_profit": 215300.0,
        "net_profit": 149700.0,
        "eps": 379700.0,
        "roe": 191.98,
        "roa": 6.78,
        "operating_margin": 3.43,
        "cost_ratio": 5.15,
        "sga_ratio": 82.57
      },
      {
        "fiscal_year": "2025/03",
        "sales": 4550000.0,
        "operating_profit": 260000.0,
        "ordinary_profit": 255000.0,
        "net_profit": 150000.0,
        "roe": 192.34,
        "roa": 6.51,
        "operating_margin": 3.37,
        "cost_ratio": 5.71
      }
    ],
    "dividend_data": [
      {
        "fiscal_year": "2010/03",
        "total_dividend": 16.0,
        "dividend_yield": 1.4
      },
      {
        "fiscal_year": "2011/03",
        "total_dividend": 19.0,
        "dividend_yield": 1.65
      },
      {
        "fiscal_year": "2012/03",
        "total_dividend": 19.0,
        "dividend_yield": 1.68
      },
      {
        "fiscal_year": "2013/03",
        "total_dividend": 20.0,
        "dividend_yield": 1.72
      }
    ]
  },
  {
    "code": 5803,
    "name": "フジクラ",
    "annual_data": [
      {
        "date": "2010/03/31",
        "per": 75.81,
        "pbr": 1.07,
        "is_per_red": false,
        "is_pbr_red": false
      },
      {
        "date": "2011/03/31",
        "per": 15.54,
        "pbr": 0.8,
        "is_per_red": false,
        "is_pbr_red": false
      },
      {
        "date": "2012/03/30",
        "per": -1,
        "pbr": 0.58,
        "is_per_red": true,
        "is_pbr_red": false
      },
      {
        "date": "2013/03/29",
        "per": 34.67,
        "pbr": 0.55,
        "is_per_red": false,
        "is_pbr_red": false
      },
      {
        "date": "2014/03/31",
        "per": 47.25,
        "pbr": 0.8,
        "is_per_red": false,
        "is_pbr_red": false
      },
      {
        "date": "2015/03/31",
        "per": 13.89,
        "pbr": 0.75,
        "is_per_red": false,
        "is_pbr_red": false
      },
      {
        "date": "2016/03/31",
        "per": 14.33,
        "pbr": 0.8,
        "is_per_red": false,
        "is_pbr_red": false
      },
      {
        "date": "2017/03/31",
        "per": 17.96,
        "pbr": 1.13,
        "is_per_red": false,
        "is_pbr_red": false
      },
      {
        "date": "2018/03/30",
        "per": 11.22,
        "pbr": 0.94,
        "is_per_red": false,
        "is_pbr_red": false
      },
      {
        "date": "2019/03/29",
        "per": 81.93,
        "pbr": 0.55,
        "is_per_red": false,
        "is_pbr_red": false
      },
      {
        "date": "2020/03/31",
        "per": -1,
        "pbr": 0.57,
        "is_per_red": true,
        "is_pbr_red": false
      },
      {
        "date": "2021/03/31",
        "per": -1,
        "pbr": 0.92,
        "is_per_red": true,
        "is_pbr_red": false
      },
      {
        "date": "2022/03/31",
        "per": 4.41,
        "pbr": 0.78,
        "is_per_red": false,
        "is_pbr_red": false
      },
      {
        "date": "2023/03/31",
        "per": 6.33,
        "pbr": 0.96,
        "is_per_red": false,
        "is_pbr_red": false
      },
      {
        "date": "2024/03/29",
        "per": 12.32,
        "pbr": 1.84,
        "is_per_red": false,
        "is_pbr_red": false
      }
    ],
    "daily_data": [],
    "financial_data": [
      {
        "fiscal_year": "2008/03",
        "sales": 659500.0,
        "operating_profit": 20400.0,
        "ordinary_profit": 16000.0,
        "net_profit": 4500.0,
        "roa": 2.05,
        "operating_margin": 0.84,
        "cost_ratio": 3.09,
        "sga_ratio": 84.95
      },
      {
        "fiscal_year": "2009/03",
        "sales": 573700.0,
        "operating_profit": 229.99999999999997,
        "ordinary_profit": -3510.0,
        "net_profit": -19000.0,
        "roa": -1,
        "operating_margin": -1,
        "cost_ratio": 0.04,
        "sga_ratio": 86.69
      },
      {
        "fiscal_year": "2010/03",
        "sales": 503500.0,
        "operating_profit": 17900.0,
        "ordinary_profit": 16500.0,
        "net_profit": 2570.0,
        "roe": 7.11,
        "roa": 1.41,
        "operating_margin": 0.52,
        "cost_ratio": 3.56,
        "sga_ratio": 82.98
      },
      {
        "fiscal_year": "2011/03",
        "sales": 521800.0,
        "operating_profit": 16900.0,
        "ordinary_profit": 16400.0,
        "net_profit": 9380.0,
        "eps": 1090.0,
        "roe": 26.0,
        "roa": 5.17,
        "operating_margin": 1.94,
        "cost_ratio": 3.24,
        "sga_ratio": 83.69
      },
      {
        "fiscal_year": "2012/03",
        "sales": 509100.0,
        "operating_profit": 13400.0,
        "ordinary_profit": 9160.0,
        "net_profit": -6230.0,
        "eps": -6590.000000000001,
        "roe": -17.27,
        "roa": -1,
        "operating_margin": -1,
        "cost_ratio": 2.63,
        "sga_ratio": 84.15
      },
      {
        "fiscal_year": "2013/03",
        "sales": 491100.0,
        "operating_profit": 6500.0,
        "ordinary_profit": 1280.0,
        "net_profit": 3050.0,
        "eps": 26100.0,
        "roe": 8.45,
        "roa": 1.6,
        "operating_margin": 0.58,
        "cost_ratio": 1.32,
        "sga_ratio": 84.52
      },
      {
        "fiscal_year": "2014/03",
        "sales": 591000.0,
        "operating_profit": 20300.0,
        "ordinary_profit": 13800.0,
        "net_profit": 3329.9999999999995,
        "eps": 15100.0,
        "roe": 9.99,
        "roa": 1.72,
        "operating_margin": 0.62,
        "cost_ratio": 3.44,
        "sga_ratio": 83.43
      },
      {
        "fiscal_year": "2015/03",
        "sales": 661500.0,
        "operating_profit": 25100.0,
        "ordinary_profit": 21100.0,
        "net_profit": 12200.0,
        "eps": 37500.0,
        "roe": 37.93,
        "roa": 5.58,
        "operating_margin": 2.11,
        "cost_ratio": 3.79,
        "sga_ratio": 82.74
      },
      {
        "fiscal_year": "2016/03",
        "sales": 678500.0,
        "operating_profit": 32600.0,
        "ordinary_profit": 24600.0,
        "net_profit": 11300.0,
        "eps": -13900.0,
        "roe": 36.98,
        "roa": 5.7,
        "operating_margin": 2.05,
        "cost_ratio": 4.81,
        "sga_ratio": 81.34
      },
      {
        "fiscal_year": "2017/03",
        "sales": 653800.0,
        "operating_profit": 34200.0,
        "ordinary_profit": 32600.0,
        "net_profit": 12900.0,
        "eps": 18500.0,
        "roe": 44.6,
        "roa": 6.36,
        "operating_margin": 2.19,
        "cost_ratio": 5.24,
        "sga_ratio": 80.32
      },
      {
        "fiscal_year": "2018/03",
        "sales": 740100.0,
        "operating_profit": 34300.0,
        "ordinary_profit": 34100.0,
        "net_profit": 18400.0,
        "eps": 23300.0,
        "roe": 64.36,
        "roa": 8.37,
        "operating_margin": 2.88,
        "cost_ratio": 4.64,
        "sga_ratio": 81.96
      },
      {
        "fiscal_year": "2019/03",
        "sales": 710800.0,
        "operating_profit": 27700.0,
        "ordinary_profit": 21000.0,
        "net_profit": 1450.0,
        "eps": 2880.0,
        "roe": 5.09,
        "roa": 0.67,
        "operating_margin": 0.23,
        "cost_ratio": 3.89,
        "sga_ratio": 82.41
      },
      {
        "fiscal_year": "2020/03",
        "sales": 672300.0,
        "operating_profit": 3350.0,
        "ordinary_profit": 1310.0,
        "net_profit": -38500.0,
        "eps": -55000.0,
        "roe": -136.58,
        "roa": -1,
        "operating_margin": -1,
        "cost_ratio": 0.5,
        "sga_ratio": 85.2
      },
      {
        "fiscal_year": "2021/03",
        "sales": 643700.0,
        "operating_profit": 24400.0,
        "ordinary_profit": 18400.0,
        "net_profit": -5370.0,
        "eps": 9950.0,
        "roe": -19.5,
        "roa": -1,
        "operating_margin": -1,
        "cost_ratio": 3.79,
        "sga_ratio": 83.05
      },
      {
        "fiscal_year": "2022/03",
        "sales": 670400.0,
        "operating_profit": 38300.0,
        "ordinary_profit": 34100.0,
        "net_profit": 39100.0,
        "eps": 59300.0,
        "roe": 141.85,
        "roa": 17.73,
        "operating_margin": 6.39,
        "cost_ratio": 5.71,
        "sga_ratio": 81.12
      },
      {
        "fiscal_year": "2023/03",
        "sales": 806500.0,
        "operating_profit": 70200.0,
        "ordinary_profit": 67900.0,
        "net_profit": 40900.0,
        "eps": 58900.0,
        "roe": 148.28,
        "roa": 15.11,
        "operating_margin": 6.23,
        "cost_ratio": 8.7,
        "sga_ratio": 78.79
      },
      {
        "fiscal_year": "2024/03",
        "sales": 799800.0,
        "operating_profit": 69500.0,
        "ordinary_profit": 69700.0,
        "net_profit": 51000.0,
        "eps": 84700.0,
        "roe": 184.96,
        "roa": 14.96,
        "operating_margin": 7.05,
        "cost_ratio": 8.69,
        "sga_ratio": 78.66
      },
      {
        "fiscal_year": "2025/03",
        "sales": 880000.0,
        "operating_profit": 104000.0,
        "ordinary_profit": 103000.0,
        "net_profit": 62000.0,
        "roe": 224.72,
        "roa": 17.84,
        "operating_margin": 8.47,
        "cost_ratio": 11.82
      }
    ],
    "dividend_data": [
      {
        "fiscal_year": "2010/03",
        "total_dividend": 5.0,
        "dividend_yield": 0.93
      },
      {
        "fiscal_year": "2011/03",
        "total_dividend": 6.0,
        "dividend_yield": 1.49
      },
      {
        "fiscal_year": "2012/03",
        "total_dividend": 5.0,
        "dividend_yield": 1.81
      },
      {
        "fiscal_year": "2013/03",
        "total_dividend": 5.0,
        "dividend_yield": 1.71
      }
    ]
  },
  {
    "code": 5805,
    "name": "ＳＷＣＣ",
    "annual_data": [
      {
        "date": "2010/03/31",
        "per": -1,
        "pbr": 0.68,
        "is_per_red": true,
        "is_pbr_red": false
      },
      {
        "date": "2011/03/31",
        "per": 92.94,
        "pbr": 0.76,
        "is_per_red": false,
        "is_pbr_red": false
      },
      {
        "date": "2012/03/30",
        "per": 150.19,
        "pbr": 0.6,
        "is_per_red": false,
        "is_pbr_red": false
      },
      {
        "date": "2013/03/29",
        "per": -1,
        "pbr": 0.79,
        "is_per_red": true,
        "is_pbr_red": false
      },
      {
        "date": "2014/03/31",
        "per": 164.3,
        "pbr": 0.96,
        "is_per_red": false,
        "is_pbr_red": false
      },
      {
        "date": "2015/03/31",
        "per": 125.68,
        "pbr": 0.78,
        "is_per_red": false,
        "is_pbr_red": false
      },
      {
        "date": "2016/03/31",
        "per": -1,
        "pbr": 0.77,
        "is_per_red": true,
        "is_pbr_red": false
      },
      {
        "date": "2017/03/31",
        "per": 13.41,
        "pbr": 0.94,
        "is_per_red": false,
        "is_pbr_red": false
      },
      {
        "date": "2018/03/30",
        "per": 7.67,
        "pbr": 0.86,
        "is_per_red": false,
        "is_pbr_red": false
      },
      {
        "date": "2019/03/29",
        "per": 4.6,
        "pbr": 0.6,
        "is_per_red": false,
        "is_pbr_red": false
      },
      {
        "date": "2020/03/31",
        "per": 5.51,
        "pbr": 0.76,
        "is_per_red": false,
        "is_pbr_red": false
      },
      {
        "date": "2021/03/31",
        "per": 9.79,
        "pbr": 1.02,
        "is_per_red": false,
        "is_pbr_red": false
      },
      {
        "date": "2022/03/31",
        "per": 5.99,
        "pbr": 0.96,
        "is_per_red": false,
        "is_pbr_red": false
      },
      {
        "date": "2023/03/31",
        "per": 6.02,
        "pbr": 0.84,
        "is_per_red": false,
        "is_pbr_red": false
      },
      {
        "date": "2024/03/29",
        "per": 13.06,
        "pbr": 1.51,
        "is_per_red": false,
        "is_pbr_red": false
      }
    ],
    "daily_data": [],
    "financial_data": [
      {
        "fiscal_year": "2008/03",
        "sales": 217600.0,
        "operating_profit": 5390.0,
        "ordinary_profit": 1770.0,
        "net_profit": 405.99999999999994,
        "roa": 0.84,
        "operating_margin": 0.24,
        "cost_ratio": 2.48,
        "sga_ratio": 87.77
      },
      {
        "fiscal_year": "2009/03",
        "sales": 184900.0,
        "operating_profit": -2560.0,
        "ordinary_profit": -4570.0,
        "net_profit": -8520.0,
        "roa": -1,
        "operating_margin": -1,
        "cost_ratio": -1.38,
        "sga_ratio": 90.34
      },
      {
        "fiscal_year": "2010/03",
        "sales": 141400.0,
        "operating_profit": -66.0,
        "ordinary_profit": -2200.0,
        "net_profit": -2540.0,
        "roe": -10.1,
        "roa": -1,
        "operating_margin": -1,
        "cost_ratio": -0.05,
        "sga_ratio": 86.86
      },
      {
        "fiscal_year": "2011/03",
        "sales": 165500.0,
        "operating_profit": 2530.0,
        "ordinary_profit": 749.0,
        "net_profit": 281.0,
        "eps": -637.0,
        "roe": 1.12,
        "roa": 0.81,
        "operating_margin": 0.2,
        "cost_ratio": 1.53,
        "sga_ratio": 88.21
      },
      {
        "fiscal_year": "2012/03",
        "sales": 171800.0,
        "operating_profit": 1950.0,
        "ordinary_profit": 693.0,
        "net_profit": 162.0,
        "eps": -200.99999999999997,
        "roe": 0.53,
        "roa": 0.4,
        "operating_margin": 0.11,
        "cost_ratio": 1.13,
        "sga_ratio": 88.79
      },
      {
        "fiscal_year": "2013/03",
        "sales": 169800.0,
        "operating_profit": 1130.0,
        "ordinary_profit": -847.0000000000001,
        "net_profit": -6370.0,
        "eps": -5870.0,
        "roe": -20.65,
        "roa": -1,
        "operating_margin": -1,
        "cost_ratio": 0.66,
        "sga_ratio": 89.1
      },
      {
        "fiscal_year": "2014/03",
        "sales": 183300.0,
        "operating_profit": 2550.0,
        "ordinary_profit": 1240.0,
        "net_profit": 195.0,
        "eps": 1600.0,
        "roe": 0.63,
        "roa": 0.59,
        "operating_margin": 0.14,
        "cost_ratio": 1.39,
        "sga_ratio": 89.33
      },
      {
        "fiscal_year": "2015/03",
        "sales": 181700.0,
        "operating_profit": 1240.0,
        "ordinary_profit": 384.0,
        "net_profit": 227.99999999999997,
        "eps": 3210.0,
        "roe": 0.74,
        "roa": 0.62,
        "operating_margin": 0.17,
        "cost_ratio": 0.68,
        "sga_ratio": 90.0
      },
      {
        "fiscal_year": "2016/03",
        "sales": 169700.0,
        "operating_profit": 949.0,
        "ordinary_profit": -1460.0,
        "net_profit": -9150.0,
        "eps": -11200.0,
        "roe": -29.7,
        "roa": -1,
        "operating_margin": -1,
        "cost_ratio": 0.56,
        "sga_ratio": 89.55
      },
      {
        "fiscal_year": "2017/03",
        "sales": 155200.0,
        "operating_profit": 4230.0,
        "ordinary_profit": 2450.0,
        "net_profit": 1980.0,
        "eps": 2940.0,
        "roe": 6.41,
        "roa": 7.02,
        "operating_margin": 1.65,
        "cost_ratio": 2.73,
        "sga_ratio": 87.05
      },
      {
        "fiscal_year": "2018/03",
        "sales": 168200.0,
        "operating_profit": 6280.0,
        "ordinary_profit": 4890.0,
        "net_profit": 3740.0,
        "eps": 5720.0,
        "roe": 123.93,
        "roa": 11.37,
        "operating_margin": 3.03,
        "cost_ratio": 3.73,
        "sga_ratio": 87.13
      },
      {
        "fiscal_year": "2019/03",
        "sales": 177200.0,
        "operating_profit": 6640.000000000001,
        "ordinary_profit": 5600.0,
        "net_profit": 4570.0,
        "eps": 2310.0,
        "roe": 153.2,
        "roa": 13.08,
        "operating_margin": 3.68,
        "cost_ratio": 3.75,
        "sga_ratio": 87.74
      },
      {
        "fiscal_year": "2020/03",
        "sales": 171100.0,
        "operating_profit": 8610.0,
        "ordinary_profit": 7859.999999999999,
        "net_profit": 5470.0,
        "eps": 4580.0,
        "roe": 183.25,
        "roa": 13.81,
        "operating_margin": 4.46,
        "cost_ratio": 5.03,
        "sga_ratio": 86.13
      },
      {
        "fiscal_year": "2021/03",
        "sales": 161700.0,
        "operating_profit": 7590.000000000001,
        "ordinary_profit": 7770.0,
        "net_profit": 4970.0,
        "eps": 8630.0,
        "roe": 166.48,
        "roa": 10.44,
        "operating_margin": 3.84,
        "cost_ratio": 4.69,
        "sga_ratio": 86.54
      },
      {
        "fiscal_year": "2022/03",
        "sales": 199200.0,
        "operating_profit": 10000.0,
        "ordinary_profit": 9880.0,
        "net_profit": 9350.0,
        "eps": 11300.0,
        "roe": 313.43,
        "roa": 16.05,
        "operating_margin": 6.35,
        "cost_ratio": 5.04,
        "sga_ratio": 87.27
      },
      {
        "fiscal_year": "2023/03",
        "sales": 209100.0,
        "operating_profit": 10500.0,
        "ordinary_profit": 10400.0,
        "net_profit": 9410.0,
        "eps": 10800.0,
        "roe": 314.98,
        "roa": 13.94,
        "operating_margin": 6.01,
        "cost_ratio": 5.01,
        "sga_ratio": 87.66
      },
      {
        "fiscal_year": "2024/03",
        "sales": 213900.0,
        "operating_profit": 12800.0,
        "ordinary_profit": 12200.0,
        "net_profit": 8840.0,
        "eps": 12600.0,
        "roe": 297.1,
        "roa": 11.64,
        "operating_margin": 5.47,
        "cost_ratio": 6.0,
        "sga_ratio": 86.46
      },
      {
        "fiscal_year": "2025/03",
        "sales": 234000.0,
        "operating_profit": 20500.0,
        "ordinary_profit": 17000.0,
        "net_profit": 10000.0,
        "roe": 338.29,
        "roa": 12.66,
        "operating_margin": 6.02,
        "cost_ratio": 8.76
      }
    ],
    "dividend_data": [
      {
        "fiscal_year": "2010/03",
        "total_dividend": 0.0,
        "dividend_yield": 0.0
      },
      {
        "fiscal_year": "2011/03",
        "total_dividend": 0.0,
        "dividend_yield": 0.0
      },
      {
        "fiscal_year": "2012/03",
        "total_dividend": 1.0,
        "dividend_yield": 1.27
      },
      {
        "fiscal_year": "2013/03",
        "total_dividend": 0.0,
        "dividend_yield": 0.0
      }
    ]
  },
  {
    "code": 5809,
    "name": "タツタ電線",
    "annual_data": [
      {
        "date": "2010/03/31",
        "per": 40.17,
        "pbr": 0.64,
        "is_per_red": false,
        "is_pbr_red": false
      },
      {
        "date": "2011/03/31",
        "per": 44.86,
        "pbr": 0.98,
        "is_per_red": false,
        "is_pbr_red": false
      },
      {
        "date": "2012/03/30",
        "per": 18.58,
        "pbr": 1.29,
        "is_per_red": false,
        "is_pbr_red": false
      },
      {
        "date": "2013/03/29",
        "per": 13.47,
        "pbr": 1.27,
        "is_per_red": false,
        "is_pbr_red": false
      },
      {
        "date": "2014/03/31",
        "per": 10.23,
        "pbr": 1.08,
        "is_per_red": false,
        "is_pbr_red": false
      },
      {
        "date": "2015/03/31",
        "per": 9.7,
        "pbr": 0.93,
        "is_per_red": false,
        "is_pbr_red": false
      },
      {
        "date": "2016/03/31",
        "per": 7.69,
        "pbr": 0.63,
        "is_per_red": false,
        "is_pbr_red": false
      },
      {
        "date": "2017/03/31",
        "per": 9.59,
        "pbr": 0.82,
        "is_per_red": false,
        "is_pbr_red": false
      },
      {
        "date": "2018/03/30",
        "per": 10.96,
        "pbr": 0.97,
        "is_per_red": false,
        "is_pbr_red": false
      },
      {
        "date": "2019/03/29",
        "per": 9.63,
        "pbr": 0.65,
        "is_per_red": false,
        "is_pbr_red": false
      },
      {
        "date": "2020/03/31",
        "per": 10.37,
        "pbr": 0.64,
        "is_per_red": false,
        "is_pbr_red": false
      },
      {
        "date": "2021/03/31",
        "per": 14.69,
        "pbr": 0.83,
        "is_per_red": false,
        "is_pbr_red": false
      },
      {
        "date": "2022/03/31",
        "per": 12.25,
        "pbr": 0.59,
        "is_per_red": false,
        "is_pbr_red": false
      },
      {
        "date": "2023/03/31",
        "per": 45.43,
        "pbr": 0.92,
        "is_per_red": false,
        "is_pbr_red": false
      },
      {
        "date": "2024/03/29",
        "per": 24.85,
        "pbr": 0.86,
        "is_per_red": false,
        "is_pbr_red": false
      }
    ],
    "daily_data": [],
    "financial_data": [
      {
        "fiscal_year": "2008/03",
        "sales": 50900.0,
        "operating_profit": 2400.0,
        "ordinary_profit": 2490.0,
        "net_profit": 2200.0,
        "roa": 7.96,
        "operating_margin": 6.1,
        "cost_ratio": 4.71,
        "sga_ratio": 87.47
      },
      {
        "fiscal_year": "2009/03",
        "sales": 44500.0,
        "operating_profit": 391.0,
        "ordinary_profit": 482.0,
        "net_profit": 387.0,
        "roa": 1.48,
        "operating_margin": 1.18,
        "cost_ratio": 0.88,
        "sga_ratio": 89.1
      },
      {
        "fiscal_year": "2010/03",
        "sales": 35400.0,
        "operating_profit": 811.9999999999999,
        "ordinary_profit": 877.9999999999999,
        "net_profit": 407.0,
        "roe": 5.8,
        "roa": 1.59,
        "operating_margin": 1.29,
        "cost_ratio": 2.29,
        "sga_ratio": 84.59
      },
      {
        "fiscal_year": "2011/03",
        "sales": 43200.0,
        "operating_profit": 2360.0,
        "ordinary_profit": 2420.0,
        "net_profit": 560.0,
        "eps": 535.0,
        "roe": 7.98,
        "roa": 2.18,
        "operating_margin": 1.73,
        "cost_ratio": 5.46,
        "sga_ratio": 83.24
      },
      {
        "fiscal_year": "2012/03",
        "sales": 45800.0,
        "operating_profit": 3350.0,
        "ordinary_profit": 3350.0,
        "net_profit": 1880.0,
        "eps": 1860.0000000000002,
        "roe": 26.75,
        "roa": 6.92,
        "operating_margin": 5.53,
        "cost_ratio": 7.3,
        "sga_ratio": 81.53
      },
      {
        "fiscal_year": "2013/03",
        "sales": 46400.0,
        "operating_profit": 5580.0,
        "ordinary_profit": 5860.0,
        "net_profit": 2780.0,
        "eps": 2850.0,
        "roe": 39.63,
        "roa": 9.41,
        "operating_margin": 7.19,
        "cost_ratio": 12.02,
        "sga_ratio": 75.19
      },
      {
        "fiscal_year": "2014/03",
        "sales": 51200.0,
        "operating_profit": 4690.0,
        "ordinary_profit": 4850.0,
        "net_profit": 3329.9999999999995,
        "eps": 3370.0000000000005,
        "roe": 52.22,
        "roa": 10.57,
        "operating_margin": 7.9,
        "cost_ratio": 9.15,
        "sga_ratio": 77.09
      },
      {
        "fiscal_year": "2015/03",
        "sales": 55000.0,
        "operating_profit": 5370.0,
        "ordinary_profit": 5460.0,
        "net_profit": 3350.0,
        "eps": 3929.9999999999995,
        "roe": 52.5,
        "roa": 9.62,
        "operating_margin": 7.5,
        "cost_ratio": 9.77,
        "sga_ratio": 75.74
      },
      {
        "fiscal_year": "2016/03",
        "sales": 52500.0,
        "operating_profit": 4420.0,
        "ordinary_profit": 4560.0,
        "net_profit": 2950.0,
        "eps": 2130.0,
        "roe": 46.28,
        "roa": 8.18,
        "operating_margin": 6.62,
        "cost_ratio": 8.43,
        "sga_ratio": 77.18
      },
      {
        "fiscal_year": "2017/03",
        "sales": 49100.0,
        "operating_profit": 4290.0,
        "ordinary_profit": 4370.0,
        "net_profit": 3320.0000000000005,
        "eps": 3700.0,
        "roe": 52.77,
        "roa": 8.71,
        "operating_margin": 7.05,
        "cost_ratio": 8.73,
        "sga_ratio": 74.62
      },
      {
        "fiscal_year": "2018/03",
        "sales": 55200.0,
        "operating_profit": 5050.0,
        "ordinary_profit": 5220.0,
        "net_profit": 3679.9999999999995,
        "eps": 4079.9999999999995,
        "roe": 59.51,
        "roa": 8.88,
        "operating_margin": 7.14,
        "cost_ratio": 9.14,
        "sga_ratio": 74.8
      },
      {
        "fiscal_year": "2019/03",
        "sales": 58000.0,
        "operating_profit": 4070.0000000000005,
        "ordinary_profit": 4090.0,
        "net_profit": 2930.0,
        "eps": 2900.0,
        "roe": 47.36,
        "roa": 6.75,
        "operating_margin": 5.58,
        "cost_ratio": 7.01,
        "sga_ratio": 76.92
      },
      {
        "fiscal_year": "2020/03",
        "sales": 58200.0,
        "operating_profit": 3779.9999999999995,
        "ordinary_profit": 3920.0000000000005,
        "net_profit": 2740.0,
        "eps": 1870.0,
        "roe": 44.35,
        "roa": 6.21,
        "operating_margin": 4.98,
        "cost_ratio": 6.5,
        "sga_ratio": 76.27
      },
      {
        "fiscal_year": "2021/03",
        "sales": 54500.0,
        "operating_profit": 3529.9999999999995,
        "ordinary_profit": 3629.9999999999995,
        "net_profit": 2650.0,
        "eps": 3870.0000000000005,
        "roe": 42.81,
        "roa": 5.64,
        "operating_margin": 4.64,
        "cost_ratio": 6.48,
        "sga_ratio": 75.76
      },
      {
        "fiscal_year": "2022/03",
        "sales": 59900.0,
        "operating_profit": 2890.0,
        "ordinary_profit": 3110.0,
        "net_profit": 2330.0,
        "eps": 2380.0,
        "roe": 37.71,
        "roa": 4.84,
        "operating_margin": 3.97,
        "cost_ratio": 4.82,
        "sga_ratio": 79.31
      },
      {
        "fiscal_year": "2023/03",
        "sales": 61500.0,
        "operating_profit": 1700.0,
        "ordinary_profit": 1860.0000000000002,
        "net_profit": 967.0,
        "eps": 825.0,
        "roe": 15.65,
        "roa": 2.02,
        "operating_margin": 1.65,
        "cost_ratio": 2.77,
        "sga_ratio": 81.65
      },
      {
        "fiscal_year": "2024/03",
        "sales": 64100.0,
        "operating_profit": 2550.0,
        "ordinary_profit": 2690.0,
        "net_profit": 1770.0,
        "eps": 3310.0,
        "roe": 28.57,
        "roa": 3.45,
        "operating_margin": 2.89,
        "cost_ratio": 3.97,
        "sga_ratio": 81.08
      }
    ],
    "dividend_data": [
      {
        "fiscal_year": "2010/03",
        "total_dividend": 7.0,
        "dividend_yield": 3.0
      },
      {
        "fiscal_year": "2011/03",
        "total_dividend": 7.0,
        "dividend_yield": 1.96
      },
      {
        "fiscal_year": "2012/03",
        "total_dividend": 7.0,
        "dividend_yield": 1.41
      },
      {
        "fiscal_year": "2013/03",
        "total_dividend": 10.0,
        "dividend_yield": 1.87
      },
      {
        "fiscal_year": "2024/03",
        "total_dividend": 0.0,
        "dividend_yield": 0.0
      }
    ]
  },
  {
    "code": 5816,
    "name": "オーナンバ",
    "annual_data": [
      {
        "date": "2010/03/31",
        "per": 8.94,
        "pbr": 0.66,
        "is_per_red": false,
        "is_pbr_red": false
      },
      {
        "date": "2011/03/31",
        "per": 5.82,
        "pbr": 0.9,
        "is_per_red": false,
        "is_pbr_red": false
      },
      {
        "date": "2012/03/30",
        "per": 20.97,
        "pbr": 0.53,
        "is_per_red": false,
        "is_pbr_red": false
      },
      {
        "date": "2013/03/29",
        "per": -1,
        "pbr": 0.39,
        "is_per_red": true,
        "is_pbr_red": false
      },
      {
        "date": "2014/12/30",
        "per": 11.6,
        "pbr": 0.47,
        "is_per_red": false,
        "is_pbr_red": false
      },
      {
        "date": "2015/12/30",
        "per": 14.07,
        "pbr": 0.32,
        "is_per_red": false,
        "is_pbr_red": false
      },
      {
        "date": "2016/12/30",
        "per": -1,
        "pbr": 0.37,
        "is_per_red": true,
        "is_pbr_red": false
      },
      {
        "date": "2017/12/29",
        "per": 15.47,
        "pbr": 0.4,
        "is_per_red": false,
        "is_pbr_red": false
      },
      {
        "date": "2018/12/28",
        "per": 10.2,
        "pbr": 0.31,
        "is_per_red": false,
        "is_pbr_red": false
      },
      {
        "date": "2019/12/30",
        "per": 11.53,
        "pbr": 0.38,
        "is_per_red": false,
        "is_pbr_red": false
      },
      {
        "date": "2020/12/30",
        "per": 9.16,
        "pbr": 0.31,
        "is_per_red": false,
        "is_pbr_red": false
      },
      {
        "date": "2021/12/30",
        "per": 5.88,
        "pbr": 0.34,
        "is_per_red": false,
        "is_pbr_red": false
      },
      {
        "date": "2022/12/30",
        "per": 4.33,
        "pbr": 0.45,
        "is_per_red": false,
        "is_pbr_red": false
      },
      {
        "date": "2023/12/29",
        "per": 5.22,
        "pbr": 0.45,
        "is_per_red": false,
        "is_pbr_red": false
      }
    ],
    "daily_data": [],
    "financial_data": [
      {
        "fiscal_year": "2008/03",
        "sales": 30800.0,
        "operating_profit": 1310.0,
        "ordinary_profit": 1310.0,
        "net_profit": 606.0,
        "roa": 5.35,
        "operating_margin": 2.39,
        "cost_ratio": 4.27,
        "sga_ratio": 77.85
      },
      {
        "fiscal_year": "2009/03",
        "sales": 30500.0,
        "operating_profit": 605.0,
        "ordinary_profit": 133.0,
        "net_profit": -722.0,
        "roa": -1,
        "operating_margin": -1,
        "cost_ratio": 1.98,
        "sga_ratio": 79.5
      },
      {
        "fiscal_year": "2010/03",
        "sales": 25600.0,
        "operating_profit": 1050.0,
        "ordinary_profit": 1200.0,
        "net_profit": 745.0,
        "roe": 59.3,
        "roa": 7.41,
        "operating_margin": 3.2,
        "cost_ratio": 4.09,
        "sga_ratio": 77.48
      },
      {
        "fiscal_year": "2011/03",
        "sales": 32900.0,
        "operating_profit": 2010.0000000000002,
        "ordinary_profit": 1950.0,
        "net_profit": 1700.0,
        "eps": 1150.0,
        "roe": 135.71,
        "roa": 15.38,
        "operating_margin": 7.04,
        "cost_ratio": 6.1,
        "sga_ratio": 78.39
      },
      {
        "fiscal_year": "2012/03",
        "sales": 27400.0,
        "operating_profit": 708.0,
        "ordinary_profit": 789.0,
        "net_profit": 278.0,
        "eps": 112.00000000000001,
        "roe": 22.13,
        "roa": 2.52,
        "operating_margin": 1.23,
        "cost_ratio": 2.59,
        "sga_ratio": 80.9
      },
      {
        "fiscal_year": "2013/03",
        "sales": 32900.0,
        "operating_profit": 765.0,
        "ordinary_profit": 639.0,
        "net_profit": -91.0,
        "eps": 802.0,
        "roe": -7.22,
        "roa": -1,
        "operating_margin": -1,
        "cost_ratio": 2.33,
        "sga_ratio": 81.35
      },
      {
        "fiscal_year": "2014/03",
        "sales": 40600.0,
        "operating_profit": 1939.9999999999998,
        "ordinary_profit": 2020.0,
        "net_profit": 1380.0,
        "eps": 3130.0,
        "roe": 110.0,
        "roa": 9.54,
        "operating_margin": 4.04,
        "cost_ratio": 4.79,
        "sga_ratio": 80.55
      },
      {
        "fiscal_year": "2014/12",
        "sales": 36700.0,
        "operating_profit": 974.0,
        "ordinary_profit": 1190.0,
        "net_profit": 648.0,
        "eps": 1680.0,
        "roe": 51.66,
        "roa": 4.07,
        "operating_margin": 1.89,
        "cost_ratio": 2.65,
        "sga_ratio": 84.13
      },
      {
        "fiscal_year": "2015/12",
        "sales": 40900.0,
        "operating_profit": 778.0,
        "ordinary_profit": 783.0,
        "net_profit": 356.0,
        "eps": 76.0,
        "roe": 28.36,
        "roa": 2.26,
        "operating_margin": 1.08,
        "cost_ratio": 1.9,
        "sga_ratio": 84.05
      },
      {
        "fiscal_year": "2016/12",
        "sales": 36900.0,
        "operating_profit": 1210.0,
        "ordinary_profit": 1070.0,
        "net_profit": -364.0,
        "eps": -781.0,
        "roe": -29.03,
        "roa": -1,
        "operating_margin": -1,
        "cost_ratio": 3.29,
        "sga_ratio": 81.52
      },
      {
        "fiscal_year": "2017/12",
        "sales": 36400.0,
        "operating_profit": 480.0,
        "ordinary_profit": 680.0,
        "net_profit": 396.0,
        "eps": 600.0,
        "roe": 31.6,
        "roa": 2.61,
        "operating_margin": 1.37,
        "cost_ratio": 1.32,
        "sga_ratio": 83.42
      },
      {
        "fiscal_year": "2018/12",
        "sales": 36400.0,
        "operating_profit": 866.0,
        "ordinary_profit": 861.9999999999999,
        "net_profit": 450.0,
        "eps": 7.000000000000001,
        "roe": 35.87,
        "roa": 3.0,
        "operating_margin": 1.61,
        "cost_ratio": 2.38,
        "sga_ratio": 83.0
      },
      {
        "fiscal_year": "2019/12",
        "sales": 35800.0,
        "operating_profit": 855.0000000000001,
        "ordinary_profit": 877.0,
        "net_profit": 505.99999999999994,
        "eps": 552.0,
        "roe": 40.52,
        "roa": 3.33,
        "operating_margin": 1.78,
        "cost_ratio": 2.39,
        "sga_ratio": 82.9
      },
      {
        "fiscal_year": "2020/12",
        "sales": 31400.0,
        "operating_profit": 762.0,
        "ordinary_profit": 983.0,
        "net_profit": 524.0,
        "eps": 424.0,
        "roe": 43.03,
        "roa": 3.4,
        "operating_margin": 1.88,
        "cost_ratio": 2.43,
        "sga_ratio": 82.59
      },
      {
        "fiscal_year": "2021/12",
        "sales": 37000.0,
        "operating_profit": 1100.0,
        "ordinary_profit": 1290.0,
        "net_profit": 1019.9999999999999,
        "eps": 2680.0,
        "roe": 83.5,
        "roa": 5.71,
        "operating_margin": 3.09,
        "cost_ratio": 2.99,
        "sga_ratio": 83.05
      },
      {
        "fiscal_year": "2022/12",
        "sales": 43600.0,
        "operating_profit": 2530.0,
        "ordinary_profit": 2910.0,
        "net_profit": 2130.0,
        "eps": 3110.0,
        "roe": 175.09,
        "roa": 10.36,
        "operating_margin": 5.79,
        "cost_ratio": 5.79,
        "sga_ratio": 81.45
      },
      {
        "fiscal_year": "2023/12",
        "sales": 44800.0,
        "operating_profit": 2470.0,
        "ordinary_profit": 2530.0,
        "net_profit": 1980.0,
        "eps": 2510.0,
        "roe": 162.84,
        "roa": 8.66,
        "operating_margin": 5.35,
        "cost_ratio": 5.52,
        "sga_ratio": 80.85
      },
      {
        "fiscal_year": "2024/12",
        "sales": 44200.0,
        "operating_profit": 1800.0,
        "ordinary_profit": 1700.0,
        "net_profit": 2300.0,
        "roe": 183.15,
        "roa": 9.38,
        "operating_margin": 6.0,
        "cost_ratio": 4.07
      }
    ],
    "dividend_data": [
      {
        "fiscal_year": "2010/03",
        "total_dividend": 5.0,
        "dividend_yield": 0.94
      },
      {
        "fiscal_year": "2011/03",
        "total_dividend": 10.0,
        "dividend_yield": 1.27
      },
      {
        "fiscal_year": "2012/03",
        "total_dividend": 10.0,
        "dividend_yield": 2.16
      },
      {
        "fiscal_year": "2013/03",
        "total_dividend": 5.0,
        "dividend_yield": 1.36
      }
    ]
  },
  {
    "code": 5817,
    "name": "ＪＭＡＣＳ",
    "annual_data": [
      {
        "date": "2010/02/26",
        "per": -1,
        "pbr": 0.27,
        "is_per_red": true,
        "is_pbr_red": false
      },
      {
        "date": "2011/02/28",
        "per": -1,
        "pbr": 0.23,
        "is_per_red": true,
        "is_pbr_red": false
      },
      {
        "date": "2012/02/29",
        "per": -1,
        "pbr": 0.26,
        "is_per_red": true,
        "is_pbr_red": false
      },
      {
        "date": "2013/02/28",
        "per": 5.87,
        "pbr": 0.31,
        "is_per_red": false,
        "is_pbr_red": false
      },
      {
        "date": "2014/02/28",
        "per": 7.29,
        "pbr": 0.36,
        "is_per_red": false,
        "is_pbr_red": false
      },
      {
        "date": "2015/02/27",
        "per": 10.48,
        "pbr": 0.44,
        "is_per_red": false,
        "is_pbr_red": false
      },
      {
        "date": "2016/02/29",
        "per": -1,
        "pbr": 0.32,
        "is_per_red": true,
        "is_pbr_red": false
      },
      {
        "date": "2017/02/28",
        "per": 51.24,
        "pbr": 0.33,
        "is_per_red": false,
        "is_pbr_red": false
      },
      {
        "date": "2018/02/28",
        "per": 24.02,
        "pbr": 0.55,
        "is_per_red": false,
        "is_pbr_red": false
      },
      {
        "date": "2019/02/28",
        "per": -1,
        "pbr": 0.36,
        "is_per_red": true,
        "is_pbr_red": false
      },
      {
        "date": "2020/02/28",
        "per": 26.99,
        "pbr": 0.4,
        "is_per_red": false,
        "is_pbr_red": false
      },
      {
        "date": "2021/02/26",
        "per": -1,
        "pbr": 0.5,
        "is_per_red": true,
        "is_pbr_red": false
      },
      {
        "date": "2022/02/28",
        "per": 52.03,
        "pbr": 0.43,
        "is_per_red": false,
        "is_pbr_red": false
      },
      {
        "date": "2023/02/28",
        "per": 11.85,
        "pbr": 0.53,
        "is_per_red": false,
        "is_pbr_red": false
      },
      {
        "date": "2024/02/29",
        "per": 36.69,
        "pbr": 0.55,
        "is_per_red": false,
        "is_pbr_red": false
      }
    ],
    "daily_data": [],
    "financial_data": [
      {
        "fiscal_year": "2009/02",
        "sales": 5120.0,
        "operating_profit": 51.0,
        "ordinary_profit": 61.0,
        "net_profit": -273.0,
        "roa": -1,
        "operating_margin": -1,
        "cost_ratio": 0.99,
        "sga_ratio": 83.8
      },
      {
        "fiscal_year": "2010/02",
        "sales": 3690.0,
        "operating_profit": -119.0,
        "ordinary_profit": -69.0,
        "net_profit": -179.0,
        "roe": -38.16,
        "roa": -1,
        "operating_margin": -1,
        "cost_ratio": -3.22,
        "sga_ratio": 83.05
      },
      {
        "fiscal_year": "2011/02",
        "sales": 3740.0,
        "operating_profit": -119.0,
        "ordinary_profit": -77.0,
        "net_profit": -158.0,
        "roe": -33.68,
        "roa": -1,
        "operating_margin": -1,
        "cost_ratio": -3.18,
        "sga_ratio": 84.93
      },
      {
        "fiscal_year": "2012/02",
        "sales": 4600.0,
        "operating_profit": 145.0,
        "ordinary_profit": 154.0,
        "net_profit": -371.0,
        "roe": -79.09,
        "roa": -1,
        "operating_margin": -1,
        "cost_ratio": 3.15,
        "sga_ratio": 79.76
      },
      {
        "fiscal_year": "2013/02",
        "sales": 4570.0,
        "operating_profit": 147.0,
        "ordinary_profit": 159.0,
        "net_profit": 243.0,
        "roe": 51.8,
        "roa": 5.3,
        "operating_margin": 3.98,
        "cost_ratio": 3.21,
        "sga_ratio": 79.32
      },
      {
        "fiscal_year": "2014/02",
        "sales": 4960.0,
        "operating_profit": 192.0,
        "ordinary_profit": 225.0,
        "net_profit": 237.0,
        "roe": 50.86,
        "roa": 4.95,
        "operating_margin": 3.59,
        "cost_ratio": 3.87,
        "sga_ratio": 78.52
      },
      {
        "fiscal_year": "2015/02",
        "sales": 5250.0,
        "operating_profit": 205.0,
        "ordinary_profit": 266.0,
        "net_profit": 208.0,
        "roe": 44.64,
        "roa": 4.19,
        "operating_margin": 3.1,
        "cost_ratio": 3.91,
        "sga_ratio": 77.81
      },
      {
        "fiscal_year": "2016/02",
        "sales": 4600.0,
        "operating_profit": -138.0,
        "ordinary_profit": -91.0,
        "net_profit": -270.0,
        "roe": -57.94,
        "roa": -1,
        "operating_margin": -1,
        "cost_ratio": -3.0,
        "sga_ratio": 80.5
      },
      {
        "fiscal_year": "2017/02",
        "sales": 4160.0,
        "operating_profit": 5.1,
        "ordinary_profit": 54.0,
        "net_profit": 30.0,
        "roe": 6.44,
        "roa": 0.65,
        "operating_margin": 0.44,
        "cost_ratio": 0.12,
        "sga_ratio": 76.0
      },
      {
        "fiscal_year": "2018/02",
        "sales": 4840.0,
        "operating_profit": 56.0,
        "ordinary_profit": 106.0,
        "net_profit": 106.0,
        "eps": 84.0,
        "roe": 22.73,
        "roa": 2.28,
        "operating_margin": 1.5,
        "cost_ratio": 1.16,
        "sga_ratio": 76.15
      },
      {
        "fiscal_year": "2019/02",
        "sales": 4920.0,
        "operating_profit": -155.0,
        "ordinary_profit": -101.0,
        "net_profit": -103.0,
        "eps": -109.0,
        "roe": -22.01,
        "roa": -1,
        "operating_margin": -1,
        "cost_ratio": -3.14,
        "sga_ratio": 79.44
      },
      {
        "fiscal_year": "2020/02",
        "sales": 5200.0,
        "operating_profit": 70.0,
        "ordinary_profit": 82.0,
        "net_profit": 66.0,
        "eps": 69.0,
        "roe": 14.08,
        "roa": 1.47,
        "operating_margin": 0.76,
        "cost_ratio": 1.36,
        "sga_ratio": 75.9
      },
      {
        "fiscal_year": "2021/02",
        "sales": 4380.0,
        "operating_profit": -12.0,
        "ordinary_profit": 32.0,
        "net_profit": -24.0,
        "eps": -17.0,
        "roe": -5.12,
        "roa": -1,
        "operating_margin": -1,
        "cost_ratio": -0.28,
        "sga_ratio": 76.04
      },
      {
        "fiscal_year": "2022/02",
        "sales": 4780.0,
        "operating_profit": 169.0,
        "ordinary_profit": 217.0,
        "net_profit": 37.0,
        "roe": 7.9,
        "roa": 0.83,
        "operating_margin": 0.43,
        "cost_ratio": 3.53,
        "sga_ratio": 75.37
      },
      {
        "fiscal_year": "2023/02",
        "sales": 5060.0,
        "operating_profit": 171.0,
        "ordinary_profit": 235.0,
        "net_profit": 206.0,
        "roe": 43.96,
        "roa": 4.47,
        "operating_margin": 2.56,
        "cost_ratio": 3.37,
        "sga_ratio": 77.18
      },
      {
        "fiscal_year": "2024/02",
        "sales": 5340.0,
        "operating_profit": 80.0,
        "ordinary_profit": 137.0,
        "net_profit": 71.0,
        "roe": 15.21,
        "roa": 1.56,
        "operating_margin": 0.78,
        "cost_ratio": 1.5,
        "sga_ratio": 77.99
      },
      {
        "fiscal_year": "2025/02",
        "sales": 5600.0,
        "operating_profit": 247.0,
        "ordinary_profit": 301.0,
        "net_profit": 264.0,
        "roe": 46.93,
        "roa": 5.72,
        "operating_margin": 2.89,
        "cost_ratio": 4.41
      }
    ],
    "dividend_data": [
      {
        "fiscal_year": "2010/03",
        "total_dividend": 5.34
      },
      {
        "fiscal_year": "2011/03",
        "total_dividend": 3.0
      },
      {
        "fiscal_year": "2012/03",
        "total_dividend": 2.85
      },
      {
        "fiscal_year": "2013/03",
        "total_dividend": 2.63
      }
    ]
  },
  {
    "code": 5819,
    "name": "カナレ電気",
    "annual_data": [
      {
        "date": "2010/12/30",
        "per": 15.94,
        "pbr": 1.24,
        "is_per_red": false,
        "is_pbr_red": false
      },
      {
        "date": "2011/12/30",
        "per": 15.35,
        "pbr": 1.2,
        "is_per_red": false,
        "is_pbr_red": false
      },
      {
        "date": "2012/12/28",
        "per": 15.42,
        "pbr": 1.15,
        "is_per_red": false,
        "is_pbr_red": false
      },
      {
        "date": "2013/12/30",
        "per": 12.94,
        "pbr": 1.09,
        "is_per_red": false,
        "is_pbr_red": false
      },
      {
        "date": "2014/12/30",
        "per": 11.09,
        "pbr": 1.22,
        "is_per_red": false,
        "is_pbr_red": false
      },
      {
        "date": "2015/12/30",
        "per": 11.62,
        "pbr": 1.21,
        "is_per_red": false,
        "is_pbr_red": false
      },
      {
        "date": "2016/12/30",
        "per": 11.24,
        "pbr": 1.2,
        "is_per_red": false,
        "is_pbr_red": false
      },
      {
        "date": "2017/12/29",
        "per": 15.55,
        "pbr": 1.32,
        "is_per_red": false,
        "is_pbr_red": false
      },
      {
        "date": "2018/12/28",
        "per": 11.09,
        "pbr": 0.87,
        "is_per_red": false,
        "is_pbr_red": false
      },
      {
        "date": "2019/12/30",
        "per": 16.83,
        "pbr": 0.92,
        "is_per_red": false,
        "is_pbr_red": false
      },
      {
        "date": "2020/12/30",
        "per": 17.41,
        "pbr": 0.85,
        "is_per_red": false,
        "is_pbr_red": false
      },
      {
        "date": "2021/12/30",
        "per": 16.95,
        "pbr": 0.78,
        "is_per_red": false,
        "is_pbr_red": false
      },
      {
        "date": "2022/12/30",
        "per": 11.04,
        "pbr": 0.61,
        "is_per_red": false,
        "is_pbr_red": false
      },
      {
        "date": "2023/12/29",
        "per": 8.73,
        "pbr": 0.61,
        "is_per_red": false,
        "is_pbr_red": false
      }
    ],
    "daily_data": [],
    "financial_data": [
      {
        "fiscal_year": "2008/03",
        "sales": 10400.0,
        "operating_profit": 1510.0,
        "ordinary_profit": 1510.0,
        "net_profit": 882.0,
        "roa": 13.46,
        "operating_margin": 10.79,
        "cost_ratio": 14.41,
        "sga_ratio": 62.81
      },
      {
        "fiscal_year": "2009/03",
        "sales": 8770.0,
        "operating_profit": 663.0,
        "ordinary_profit": 1090.0,
        "net_profit": 695.0,
        "roa": 11.16,
        "operating_margin": 9.87,
        "cost_ratio": 7.56,
        "sga_ratio": 67.78
      },
      {
        "fiscal_year": "2010/03",
        "sales": 7630.0,
        "operating_profit": 869.0,
        "ordinary_profit": 856.0,
        "net_profit": 455.99999999999994,
        "roa": 6.93,
        "operating_margin": 5.85,
        "cost_ratio": 11.38,
        "sga_ratio": 61.04
      },
      {
        "fiscal_year": "2010/12",
        "sales": 6640.000000000001,
        "operating_profit": 722.0,
        "ordinary_profit": 771.0,
        "net_profit": 525.0,
        "roe": 74.65,
        "roa": 7.76,
        "operating_margin": 6.64,
        "cost_ratio": 10.87,
        "sga_ratio": 64.16
      },
      {
        "fiscal_year": "2011/12",
        "sales": 8109.999999999999,
        "operating_profit": 700.0,
        "ordinary_profit": 802.0,
        "net_profit": 555.0,
        "eps": 484.0,
        "roe": 78.98,
        "roa": 7.81,
        "operating_margin": 6.64,
        "cost_ratio": 8.63,
        "sga_ratio": 66.13
      },
      {
        "fiscal_year": "2012/12",
        "sales": 8350.0,
        "operating_profit": 874.0,
        "ordinary_profit": 949.0,
        "net_profit": 587.0,
        "eps": 971.0000000000001,
        "roe": 83.51,
        "roa": 7.45,
        "operating_margin": 6.32,
        "cost_ratio": 10.47,
        "sga_ratio": 63.61
      },
      {
        "fiscal_year": "2013/12",
        "sales": 9410.0,
        "operating_profit": 1140.0,
        "ordinary_profit": 1220.0,
        "net_profit": 779.0,
        "eps": 1560.0,
        "roe": 115.42,
        "roa": 8.42,
        "operating_margin": 7.09,
        "cost_ratio": 12.09,
        "sga_ratio": 61.82
      },
      {
        "fiscal_year": "2014/12",
        "sales": 10100.0,
        "operating_profit": 1610.0000000000002,
        "ordinary_profit": 1730.0,
        "net_profit": 1160.0,
        "eps": 1540.0,
        "roe": 171.77,
        "roa": 10.96,
        "operating_margin": 9.3,
        "cost_ratio": 15.92,
        "sga_ratio": 57.94
      },
      {
        "fiscal_year": "2015/12",
        "sales": 10400.0,
        "operating_profit": 1600.0,
        "ordinary_profit": 1689.9999999999998,
        "net_profit": 1170.0,
        "eps": 982.0,
        "roe": 173.8,
        "roa": 10.44,
        "operating_margin": 8.93,
        "cost_ratio": 15.33,
        "sga_ratio": 58.03
      },
      {
        "fiscal_year": "2016/12",
        "sales": 10700.0,
        "operating_profit": 1800.0,
        "ordinary_profit": 1850.0,
        "net_profit": 1260.0,
        "eps": 952.0,
        "roe": 187.19,
        "roa": 10.64,
        "operating_margin": 9.1,
        "cost_ratio": 16.86,
        "sga_ratio": 56.91
      },
      {
        "fiscal_year": "2017/12",
        "sales": 10500.0,
        "operating_profit": 1460.0,
        "ordinary_profit": 1500.0,
        "net_profit": 1090.0,
        "eps": 1220.0,
        "roe": 160.98,
        "roa": 8.52,
        "operating_margin": 7.44,
        "cost_ratio": 13.94,
        "sga_ratio": 58.08
      },
      {
        "fiscal_year": "2018/12",
        "sales": 11400.0,
        "operating_profit": 1460.0,
        "ordinary_profit": 1480.0,
        "net_profit": 1030.0,
        "eps": 765.0,
        "roe": 152.39,
        "roa": 7.8,
        "operating_margin": 6.87,
        "cost_ratio": 12.86,
        "sga_ratio": 58.79
      },
      {
        "fiscal_year": "2019/12",
        "sales": 11400.0,
        "operating_profit": 1160.0,
        "ordinary_profit": 1190.0,
        "net_profit": 739.0,
        "eps": 689.0,
        "roe": 109.52,
        "roa": 5.46,
        "operating_margin": 4.87,
        "cost_ratio": 10.17,
        "sga_ratio": 59.81
      },
      {
        "fiscal_year": "2020/12",
        "sales": 9700.0,
        "operating_profit": 917.0,
        "ordinary_profit": 985.0,
        "net_profit": 679.0,
        "eps": 624.0,
        "roe": 100.67,
        "roa": 4.88,
        "operating_margin": 4.45,
        "cost_ratio": 9.45,
        "sga_ratio": 59.69
      },
      {
        "fiscal_year": "2021/12",
        "sales": 10000.0,
        "operating_profit": 1010.0,
        "ordinary_profit": 1070.0,
        "net_profit": 681.0,
        "eps": 988.0000000000001,
        "roe": 100.96,
        "roa": 4.63,
        "operating_margin": 4.19,
        "cost_ratio": 10.07,
        "sga_ratio": 60.77
      },
      {
        "fiscal_year": "2022/12",
        "sales": 11200.0,
        "operating_profit": 1180.0,
        "ordinary_profit": 1260.0,
        "net_profit": 869.0,
        "eps": 1190.0,
        "roe": 128.74,
        "roa": 5.54,
        "operating_margin": 4.9,
        "cost_ratio": 10.55,
        "sga_ratio": 60.31
      },
      {
        "fiscal_year": "2023/12",
        "sales": 12900.0,
        "operating_profit": 1670.0,
        "ordinary_profit": 1739.9999999999998,
        "net_profit": 1190.0,
        "eps": 1550.0,
        "roe": 175.26,
        "roa": 6.98,
        "operating_margin": 6.29,
        "cost_ratio": 12.96,
        "sga_ratio": 57.96
      },
      {
        "fiscal_year": "2024/12",
        "sales": 12800.0,
        "operating_profit": 1330.0,
        "ordinary_profit": 1380.0,
        "net_profit": 980.0000000000001,
        "roe": 139.44,
        "roa": 5.6,
        "operating_margin": 5.14,
        "cost_ratio": 10.35
      }
    ],
    "dividend_data": [
      {
        "fiscal_year": "2010/03",
        "total_dividend": 23.0,
        "dividend_yield": 1.93
      },
      {
        "fiscal_year": "2011/03",
        "total_dividend": 25.0,
        "dividend_yield": 2.06
      },
      {
        "fiscal_year": "2012/03",
        "total_dividend": 27.0,
        "dividend_yield": 2.1
      }
    ]
  },
  {
    "code": 5820,
    "name": "三ッ星",
    "annual_data": [
      {
        "date": "2010/03/31",
        "per": -1,
        "pbr": 0.22,
        "is_per_red": true,
        "is_pbr_red": false
      },
      {
        "date": "2011/03/31",
        "per": -1,
        "pbr": 0.29,
        "is_per_red": true,
        "is_pbr_red": false
      },
      {
        "date": "2012/03/30",
        "per": 48.78,
        "pbr": 0.3,
        "is_per_red": false,
        "is_pbr_red": false
      },
      {
        "date": "2013/03/29",
        "per": 5.82,
        "pbr": 0.34,
        "is_per_red": false,
        "is_pbr_red": false
      },
      {
        "date": "2014/03/31",
        "per": 6.27,
        "pbr": 0.29,
        "is_per_red": false,
        "is_pbr_red": false
      },
      {
        "date": "2015/03/31",
        "per": 5.13,
        "pbr": 0.33,
        "is_per_red": false,
        "is_pbr_red": false
      },
      {
        "date": "2016/03/28",
        "per": 11.0,
        "pbr": 0.3,
        "is_per_red": false,
        "is_pbr_red": false
      },
      {
        "date": "2017/03/31",
        "per": 5.65,
        "pbr": 0.43,
        "is_per_red": false,
        "is_pbr_red": false
      },
      {
        "date": "2018/03/30",
        "per": 4.16,
        "pbr": 0.4,
        "is_per_red": false,
        "is_pbr_red": false
      },
      {
        "date": "2019/03/29",
        "per": 2.98,
        "pbr": 0.32,
        "is_per_red": false,
        "is_pbr_red": false
      },
      {
        "date": "2020/03/31",
        "per": 6.61,
        "pbr": 0.22,
        "is_per_red": false,
        "is_pbr_red": false
      },
      {
        "date": "2021/03/31",
        "per": 8.35,
        "pbr": 0.26,
        "is_per_red": false,
        "is_pbr_red": false
      },
      {
        "date": "2022/03/31",
        "per": 13.99,
        "pbr": 0.64,
        "is_per_red": false,
        "is_pbr_red": false
      },
      {
        "date": "2023/03/31",
        "per": -1,
        "pbr": 1.34,
        "is_per_red": true,
        "is_pbr_red": false
      },
      {
        "date": "2024/03/29",
        "per": 53.62,
        "pbr": 1.0,
        "is_per_red": false,
        "is_pbr_red": false
      }
    ],
    "daily_data": [],
    "financial_data": [
      {
        "fiscal_year": "2008/03",
        "sales": 12100.0,
        "operating_profit": 64.0,
        "ordinary_profit": 78.0,
        "net_profit": -14.000000000000002,
        "roa": -1,
        "operating_margin": -1,
        "cost_ratio": 0.52,
        "sga_ratio": 83.08
      },
      {
        "fiscal_year": "2009/03",
        "sales": 9840.0,
        "operating_profit": -462.0,
        "ordinary_profit": -537.0,
        "net_profit": -1639.9999999999998,
        "roa": -1,
        "operating_margin": -1,
        "cost_ratio": -4.7,
        "sga_ratio": 86.34
      },
      {
        "fiscal_year": "2010/03",
        "sales": 7080.0,
        "operating_profit": -318.0,
        "ordinary_profit": -256.0,
        "net_profit": -424.0,
        "roe": -22.31,
        "roa": -1,
        "operating_margin": -1,
        "cost_ratio": -4.5,
        "sga_ratio": 80.96
      },
      {
        "fiscal_year": "2011/03",
        "sales": 8730.0,
        "operating_profit": -80.0,
        "ordinary_profit": -109.0,
        "net_profit": -175.0,
        "eps": -173.0,
        "roe": -9.22,
        "roa": -1,
        "operating_margin": -1,
        "cost_ratio": -0.91,
        "sga_ratio": 82.0
      },
      {
        "fiscal_year": "2012/03",
        "sales": 9230.0,
        "operating_profit": 125.0,
        "ordinary_profit": 87.0,
        "net_profit": 22.0,
        "eps": 37.0,
        "roe": 1.15,
        "roa": 0.61,
        "operating_margin": 0.26,
        "cost_ratio": 1.36,
        "sga_ratio": 80.81
      },
      {
        "fiscal_year": "2013/03",
        "sales": 8680.0,
        "operating_profit": 191.0,
        "ordinary_profit": 269.0,
        "net_profit": 225.0,
        "eps": 250.0,
        "roe": 11.85,
        "roa": 5.92,
        "operating_margin": 2.66,
        "cost_ratio": 2.2,
        "sga_ratio": 80.79
      },
      {
        "fiscal_year": "2014/03",
        "sales": 9400.0,
        "operating_profit": 161.0,
        "ordinary_profit": 219.0,
        "net_profit": 181.0,
        "eps": 219.0,
        "roe": 10.53,
        "roa": 4.57,
        "operating_margin": 1.92,
        "cost_ratio": 1.71,
        "sga_ratio": 82.35
      },
      {
        "fiscal_year": "2015/03",
        "sales": 9410.0,
        "operating_profit": 108.0,
        "ordinary_profit": 158.0,
        "net_profit": 274.0,
        "eps": 395.0,
        "roe": 16.0,
        "roa": 6.38,
        "operating_margin": 2.83,
        "cost_ratio": 1.14,
        "sga_ratio": 82.77
      },
      {
        "fiscal_year": "2016/03",
        "sales": 9430.0,
        "operating_profit": 254.0,
        "ordinary_profit": 220.0,
        "net_profit": 117.0,
        "eps": 60.0,
        "roe": 6.82,
        "roa": 2.73,
        "operating_margin": 1.25,
        "cost_ratio": 2.69,
        "sga_ratio": 81.67
      },
      {
        "fiscal_year": "2017/03",
        "sales": 8760.0,
        "operating_profit": 506.0,
        "ordinary_profit": 484.0,
        "net_profit": 358.0,
        "eps": 427.0,
        "roe": 20.9,
        "roa": 7.68,
        "operating_margin": 3.92,
        "cost_ratio": 5.77,
        "sga_ratio": 77.53
      },
      {
        "fiscal_year": "2018/03",
        "sales": 9260.0,
        "operating_profit": 342.0,
        "ordinary_profit": 344.0,
        "net_profit": 493.0,
        "eps": 584.0,
        "roe": 143.99,
        "roa": 9.54,
        "operating_margin": 5.2,
        "cost_ratio": 3.69,
        "sga_ratio": 79.91
      },
      {
        "fiscal_year": "2019/03",
        "sales": 9160.0,
        "operating_profit": 283.0,
        "ordinary_profit": 298.0,
        "net_profit": 613.0,
        "eps": 541.0,
        "roe": 179.08,
        "roa": 10.85,
        "operating_margin": 5.95,
        "cost_ratio": 3.09,
        "sga_ratio": 79.8
      },
      {
        "fiscal_year": "2020/03",
        "sales": 8520.0,
        "operating_profit": 202.0,
        "ordinary_profit": 216.0,
        "net_profit": 185.0,
        "eps": 95.0,
        "roe": 53.99,
        "roa": 3.25,
        "operating_margin": 1.91,
        "cost_ratio": 2.37,
        "sga_ratio": 79.34
      },
      {
        "fiscal_year": "2021/03",
        "sales": 7640.000000000001,
        "operating_profit": 197.0,
        "ordinary_profit": 281.0,
        "net_profit": 188.0,
        "eps": 331.0,
        "roe": 54.94,
        "roa": 3.16,
        "operating_margin": 1.89,
        "cost_ratio": 2.58,
        "sga_ratio": 78.96
      },
      {
        "fiscal_year": "2022/03",
        "sales": 9190.0,
        "operating_profit": 237.0,
        "ordinary_profit": 302.0,
        "net_profit": 281.0,
        "eps": 266.0,
        "roe": 81.82,
        "roa": 4.55,
        "operating_margin": 2.7,
        "cost_ratio": 2.58,
        "sga_ratio": 81.15
      },
      {
        "fiscal_year": "2023/03",
        "sales": 9950.0,
        "operating_profit": 156.0,
        "ordinary_profit": 204.0,
        "net_profit": -68.0,
        "eps": -41.0,
        "roe": -19.85,
        "roa": -1,
        "operating_margin": -1,
        "cost_ratio": 1.56,
        "sga_ratio": 83.23
      },
      {
        "fiscal_year": "2024/03",
        "sales": 10300.0,
        "operating_profit": 60.0,
        "ordinary_profit": 111.0,
        "net_profit": 124.0,
        "eps": 280.0,
        "roe": 35.92,
        "roa": 1.87,
        "operating_margin": 0.97,
        "cost_ratio": 0.58,
        "sga_ratio": 83.61
      },
      {
        "fiscal_year": "2025/03",
        "sales": 11000.0,
        "operating_profit": 140.0,
        "ordinary_profit": 145.0,
        "net_profit": 105.0,
        "roe": 30.5,
        "roa": 1.59,
        "operating_margin": 0.83,
        "cost_ratio": 1.27
      }
    ],
    "dividend_data": [
      {
        "fiscal_year": "2012/03",
        "total_dividend": 1.67,
        "dividend_yield": 2.99
      },
      {
        "fiscal_year": "2013/03",
        "total_dividend": 2.67,
        "dividend_yield": 3.88
      }
    ]
  },
  {
    "code": 5821,
    "name": "平河ヒューテック",
    "annual_data": [
      {
        "date": "2010/03/31",
        "per": 20.37,
        "pbr": 0.46,
        "is_per_red": false,
        "is_pbr_red": false
      },
      {
        "date": "2011/03/31",
        "per": 16.45,
        "pbr": 0.43,
        "is_per_red": false,
        "is_pbr_red": false
      },
      {
        "date": "2012/03/30",
        "per": 8.29,
        "pbr": 0.47,
        "is_per_red": false,
        "is_pbr_red": false
      },
      {
        "date": "2013/03/29",
        "per": 13.03,
        "pbr": 0.5,
        "is_per_red": false,
        "is_pbr_red": false
      },
      {
        "date": "2014/03/31",
        "per": 8.27,
        "pbr": 0.33,
        "is_per_red": false,
        "is_pbr_red": false
      },
      {
        "date": "2015/03/31",
        "per": 9.5,
        "pbr": 0.46,
        "is_per_red": false,
        "is_pbr_red": false
      },
      {
        "date": "2016/03/31",
        "per": 8.27,
        "pbr": 0.64,
        "is_per_red": false,
        "is_pbr_red": false
      },
      {
        "date": "2017/03/31",
        "per": 8.31,
        "pbr": 0.81,
        "is_per_red": false,
        "is_pbr_red": false
      },
      {
        "date": "2018/03/30",
        "per": 10.54,
        "pbr": 0.82,
        "is_per_red": false,
        "is_pbr_red": false
      },
      {
        "date": "2019/03/29",
        "per": 10.01,
        "pbr": 0.81,
        "is_per_red": false,
        "is_pbr_red": false
      },
      {
        "date": "2020/03/31",
        "per": 7.46,
        "pbr": 0.48,
        "is_per_red": false,
        "is_pbr_red": false
      },
      {
        "date": "2021/03/31",
        "per": 17.72,
        "pbr": 0.7,
        "is_per_red": false,
        "is_pbr_red": false
      },
      {
        "date": "2022/03/31",
        "per": 10.84,
        "pbr": 0.54,
        "is_per_red": false,
        "is_pbr_red": false
      },
      {
        "date": "2023/03/31",
        "per": 7.24,
        "pbr": 0.63,
        "is_per_red": false,
        "is_pbr_red": false
      },
      {
        "date": "2024/03/29",
        "per": 13.08,
        "pbr": 0.5,
        "is_per_red": false,
        "is_pbr_red": false
      }
    ],
    "daily_data": [],
    "financial_data": [
      {
        "fiscal_year": "2008/03",
        "sales": 20300.0,
        "operating_profit": 1360.0,
        "ordinary_profit": 1270.0,
        "net_profit": 891.0,
        "roa": 5.36,
        "operating_margin": 3.85,
        "cost_ratio": 6.71,
        "sga_ratio": 79.0
      },
      {
        "fiscal_year": "2009/03",
        "sales": 18300.0,
        "operating_profit": 445.0,
        "ordinary_profit": 437.0,
        "net_profit": 305.0,
        "roa": 2.25,
        "operating_margin": 1.56,
        "cost_ratio": 2.44,
        "sga_ratio": 82.68
      },
      {
        "fiscal_year": "2010/03",
        "sales": 13000.0,
        "operating_profit": 327.0,
        "ordinary_profit": 448.00000000000006,
        "net_profit": 312.0,
        "roe": 18.02,
        "roa": 2.23,
        "operating_margin": 1.59,
        "cost_ratio": 2.52,
        "sga_ratio": 80.38
      },
      {
        "fiscal_year": "2011/03",
        "sales": 14900.0,
        "operating_profit": 799.0,
        "ordinary_profit": 744.0,
        "net_profit": 357.0,
        "eps": -88.0,
        "roe": 20.49,
        "roa": 2.59,
        "operating_margin": 1.82,
        "cost_ratio": 5.36,
        "sga_ratio": 78.97
      },
      {
        "fiscal_year": "2012/03",
        "sales": 18400.0,
        "operating_profit": 801.0,
        "ordinary_profit": 825.0,
        "net_profit": 823.0,
        "eps": 753.0,
        "roe": 46.93,
        "roa": 5.73,
        "operating_margin": 3.42,
        "cost_ratio": 4.35,
        "sga_ratio": 79.68
      },
      {
        "fiscal_year": "2013/03",
        "sales": 19700.0,
        "operating_profit": 721.0,
        "ordinary_profit": 855.0000000000001,
        "net_profit": 614.0,
        "eps": 1630.0,
        "roe": 34.83,
        "roa": 3.86,
        "operating_margin": 2.41,
        "cost_ratio": 3.66,
        "sga_ratio": 80.22
      },
      {
        "fiscal_year": "2014/03",
        "sales": 23300.0,
        "operating_profit": 779.0,
        "ordinary_profit": 811.9999999999999,
        "net_profit": 676.0,
        "eps": 1380.0,
        "roe": 48.12,
        "roa": 3.97,
        "operating_margin": 2.55,
        "cost_ratio": 3.34,
        "sga_ratio": 81.76
      },
      {
        "fiscal_year": "2015/03",
        "sales": 24800.0,
        "operating_profit": 1200.0,
        "ordinary_profit": 1410.0,
        "net_profit": 941.0,
        "eps": 2400.0,
        "roe": 66.98,
        "roa": 4.88,
        "operating_margin": 3.22,
        "cost_ratio": 4.84,
        "sga_ratio": 80.89
      },
      {
        "fiscal_year": "2016/03",
        "sales": 27900.0,
        "operating_profit": 2370.0,
        "ordinary_profit": 2370.0,
        "net_profit": 1540.0,
        "eps": 708.0,
        "roe": 109.77,
        "roa": 7.77,
        "operating_margin": 5.3,
        "cost_ratio": 8.47,
        "sga_ratio": 77.92
      },
      {
        "fiscal_year": "2017/03",
        "sales": 24500.0,
        "operating_profit": 2560.0,
        "ordinary_profit": 2640.0,
        "net_profit": 2120.0,
        "eps": 2090.0,
        "roe": 150.56,
        "roa": 9.74,
        "operating_margin": 6.9,
        "cost_ratio": 10.47,
        "sga_ratio": 74.02
      },
      {
        "fiscal_year": "2018/03",
        "sales": 26000.0,
        "operating_profit": 2170.0,
        "ordinary_profit": 2170.0,
        "net_profit": 1800.0,
        "eps": 1700.0,
        "roe": 128.28,
        "roa": 7.79,
        "operating_margin": 5.58,
        "cost_ratio": 8.36,
        "sga_ratio": 76.1
      },
      {
        "fiscal_year": "2019/03",
        "sales": 26900.0,
        "operating_profit": 2600.0,
        "ordinary_profit": 2700.0,
        "net_profit": 2000.0,
        "eps": 2050.0,
        "roe": 142.59,
        "roa": 8.05,
        "operating_margin": 6.02,
        "cost_ratio": 9.69,
        "sga_ratio": 74.85
      },
      {
        "fiscal_year": "2020/03",
        "sales": 24900.0,
        "operating_profit": 2320.0,
        "ordinary_profit": 2230.0,
        "net_profit": 1660.0000000000002,
        "eps": 1160.0,
        "roe": 118.17,
        "roa": 6.46,
        "operating_margin": 4.74,
        "cost_ratio": 9.33,
        "sga_ratio": 74.36
      },
      {
        "fiscal_year": "2021/03",
        "sales": 23000.0,
        "operating_profit": 1700.0,
        "ordinary_profit": 1900.0,
        "net_profit": 1080.0,
        "eps": 2140.0,
        "roe": 77.02,
        "roa": 3.94,
        "operating_margin": 2.91,
        "cost_ratio": 7.38,
        "sga_ratio": 75.92
      },
      {
        "fiscal_year": "2022/03",
        "sales": 27800.0,
        "operating_profit": 1960.0000000000002,
        "ordinary_profit": 2030.0,
        "net_profit": 1500.0,
        "eps": 3310.0,
        "roe": 106.99,
        "roa": 4.94,
        "operating_margin": 3.62,
        "cost_ratio": 7.04,
        "sga_ratio": 78.41
      },
      {
        "fiscal_year": "2023/03",
        "sales": 32200.0,
        "operating_profit": 3100.0,
        "ordinary_profit": 3500.0,
        "net_profit": 2960.0,
        "eps": 4100.0,
        "roe": 210.36,
        "roa": 8.66,
        "operating_margin": 6.68,
        "cost_ratio": 9.63,
        "sga_ratio": 75.7
      },
      {
        "fiscal_year": "2024/03",
        "sales": 29300.0,
        "operating_profit": 1670.0,
        "ordinary_profit": 2080.0,
        "net_profit": 1440.0,
        "eps": 3960.0,
        "roe": 102.8,
        "roa": 3.85,
        "operating_margin": 3.1,
        "cost_ratio": 5.68,
        "sga_ratio": 77.73
      },
      {
        "fiscal_year": "2025/03",
        "sales": 31300.0,
        "operating_profit": 1939.9999999999998,
        "ordinary_profit": 2210.0,
        "net_profit": 1639.9999999999998,
        "roe": 116.75,
        "roa": 4.4,
        "operating_margin": 3.59,
        "cost_ratio": 6.2
      }
    ],
    "dividend_data": [
      {
        "fiscal_year": "2010/03",
        "total_dividend": 14.0,
        "dividend_yield": 7.0
      },
      {
        "fiscal_year": "2011/03",
        "total_dividend": 18.0,
        "dividend_yield": 9.0
      },
      {
        "fiscal_year": "2012/03",
        "total_dividend": 22.0,
        "dividend_yield": 11.0
      },
      {
        "fiscal_year": "2013/03",
        "total_dividend": 22.0,
        "dividend_yield": 11.0
      }
    ]
  },
  {
    "code": 5851,
    "name": "リョービ",
    "annual_data": [
      {
        "date": "2010/03/31",
        "per": -1,
        "pbr": 0.8,
        "is_per_red": true,
        "is_pbr_red": false
      },
      {
        "date": "2011/03/31",
        "per": 12.41,
        "pbr": 0.81,
        "is_per_red": false,
        "is_pbr_red": false
      },
      {
        "date": "2012/03/30",
        "per": 12.87,
        "pbr": 0.73,
        "is_per_red": false,
        "is_pbr_red": false
      },
      {
        "date": "2013/03/29",
        "per": 19.26,
        "pbr": 0.49,
        "is_per_red": false,
        "is_pbr_red": false
      },
      {
        "date": "2014/03/31",
        "per": 12.34,
        "pbr": 0.56,
        "is_per_red": false,
        "is_pbr_red": false
      },
      {
        "date": "2015/03/31",
        "per": 15.0,
        "pbr": 0.56,
        "is_per_red": false,
        "is_pbr_red": false
      },
      {
        "date": "2016/03/31",
        "per": 7.72,
        "pbr": 0.69,
        "is_per_red": false,
        "is_pbr_red": false
      },
      {
        "date": "2017/03/31",
        "per": 9.38,
        "pbr": 0.72,
        "is_per_red": false,
        "is_pbr_red": false
      },
      {
        "date": "2018/12/28",
        "per": 9.93,
        "pbr": 0.73,
        "is_per_red": false,
        "is_pbr_red": false
      },
      {
        "date": "2019/12/30",
        "per": 12.87,
        "pbr": 0.52,
        "is_per_red": false,
        "is_pbr_red": false
      },
      {
        "date": "2020/12/30",
        "per": -1,
        "pbr": 0.35,
        "is_per_red": true,
        "is_pbr_red": false
      },
      {
        "date": "2021/12/30",
        "per": -1,
        "pbr": 0.29,
        "is_per_red": true,
        "is_pbr_red": false
      },
      {
        "date": "2022/12/30",
        "per": 7.76,
        "pbr": 0.28,
        "is_per_red": false,
        "is_pbr_red": false
      },
      {
        "date": "2023/12/29",
        "per": 8.51,
        "pbr": 0.57,
        "is_per_red": false,
        "is_pbr_red": false
      }
    ],
    "daily_data": [],
    "financial_data": [
      {
        "fiscal_year": "2008/03",
        "sales": 216200.0,
        "operating_profit": 14200.0,
        "ordinary_profit": 13900.0,
        "net_profit": 8210.0,
        "roa": 10.68,
        "operating_margin": 4.19,
        "cost_ratio": 6.58,
        "sga_ratio": 82.12
      },
      {
        "fiscal_year": "2009/03",
        "sales": 176300.0,
        "operating_profit": 1800.0,
        "ordinary_profit": 1570.0,
        "net_profit": 160.0,
        "roa": 0.24,
        "operating_margin": 0.1,
        "cost_ratio": 1.02,
        "sga_ratio": 86.4
      },
      {
        "fiscal_year": "2010/03",
        "sales": 125900.0,
        "operating_profit": -925.0,
        "ordinary_profit": -1310.0,
        "net_profit": -1600.0,
        "roe": -9.35,
        "roa": -1,
        "operating_margin": -1,
        "cost_ratio": -0.73,
        "sga_ratio": 85.82
      },
      {
        "fiscal_year": "2011/03",
        "sales": 161700.0,
        "operating_profit": 8290.0,
        "ordinary_profit": 7440.000000000001,
        "net_profit": 4590.0,
        "eps": 3250.0,
        "roe": 26.83,
        "roa": 6.54,
        "operating_margin": 2.69,
        "cost_ratio": 5.12,
        "sga_ratio": 82.07
      },
      {
        "fiscal_year": "2012/03",
        "sales": 165600.0,
        "operating_profit": 7720.0,
        "ordinary_profit": 6950.0,
        "net_profit": 4180.0,
        "eps": 4120.0,
        "roe": 24.41,
        "roa": 5.7,
        "operating_margin": 2.23,
        "cost_ratio": 4.66,
        "sga_ratio": 82.07
      },
      {
        "fiscal_year": "2013/03",
        "sales": 166600.0,
        "operating_profit": 3310.0,
        "ordinary_profit": 2980.0,
        "net_profit": 2010.0000000000002,
        "eps": 6870.0,
        "roe": 11.73,
        "roa": 2.56,
        "operating_margin": 0.94,
        "cost_ratio": 1.99,
        "sga_ratio": 85.02
      },
      {
        "fiscal_year": "2014/03",
        "sales": 199700.0,
        "operating_profit": 7670.0,
        "ordinary_profit": 7259.999999999999,
        "net_profit": 4130.0,
        "eps": 14900.0,
        "roe": 25.53,
        "roa": 4.51,
        "operating_margin": 1.69,
        "cost_ratio": 3.84,
        "sga_ratio": 84.9
      },
      {
        "fiscal_year": "2015/03",
        "sales": 227200.0,
        "operating_profit": 9120.0,
        "ordinary_profit": 8400.0,
        "net_profit": 3810.0,
        "eps": 13900.0,
        "roe": 23.53,
        "roa": 3.74,
        "operating_margin": 1.42,
        "cost_ratio": 4.02,
        "sga_ratio": 85.46
      },
      {
        "fiscal_year": "2016/03",
        "sales": 254500.0,
        "operating_profit": 12800.0,
        "ordinary_profit": 12100.0,
        "net_profit": 9310.0,
        "eps": 4010.0,
        "roe": 57.49,
        "roa": 8.98,
        "operating_margin": 3.51,
        "cost_ratio": 5.04,
        "sga_ratio": 84.89
      },
      {
        "fiscal_year": "2017/03",
        "sales": 241300.0,
        "operating_profit": 12600.0,
        "ordinary_profit": 12000.0,
        "net_profit": 8350.0,
        "eps": 6940.000000000001,
        "roe": 51.58,
        "roa": 7.71,
        "operating_margin": 3.18,
        "cost_ratio": 5.23,
        "sga_ratio": 84.08
      },
      {
        "fiscal_year": "2018/03",
        "sales": 247200.0,
        "operating_profit": 13200.0,
        "ordinary_profit": 13000.0,
        "net_profit": 7840.000000000001,
        "eps": 10000.0,
        "roe": 242.33,
        "roa": 6.76,
        "operating_margin": 2.88,
        "cost_ratio": 5.34,
        "sga_ratio": 84.48
      },
      {
        "fiscal_year": "2018/12",
        "sales": 216200.0,
        "operating_profit": 13600.0,
        "ordinary_profit": 14000.0,
        "net_profit": 8590.0,
        "eps": 3170.0,
        "roe": 265.31,
        "roa": 7.36,
        "operating_margin": 3.19,
        "cost_ratio": 6.28,
        "sga_ratio": 85.38
      },
      {
        "fiscal_year": "2019/12",
        "sales": 220500.0,
        "operating_profit": 8500.0,
        "ordinary_profit": 8730.0,
        "net_profit": 4910.0,
        "eps": 5700.0,
        "roe": 151.78,
        "roa": 4.08,
        "operating_margin": 1.87,
        "cost_ratio": 3.85,
        "sga_ratio": 86.3
      },
      {
        "fiscal_year": "2020/12",
        "sales": 171000.0,
        "operating_profit": -1789.9999999999998,
        "ordinary_profit": -35.0,
        "net_profit": -697.0,
        "eps": -2450.0,
        "roe": -21.53,
        "roa": -1,
        "operating_margin": -1,
        "cost_ratio": -1.05,
        "sga_ratio": 90.0
      },
      {
        "fiscal_year": "2021/12",
        "sales": 198100.0,
        "operating_profit": -1520.0,
        "ordinary_profit": 4.0,
        "net_profit": -4400.0,
        "eps": 6130.0,
        "roe": -135.84,
        "roa": -1,
        "operating_margin": -1,
        "cost_ratio": -0.77,
        "sga_ratio": 90.67
      },
      {
        "fiscal_year": "2022/12",
        "sales": 249500.0,
        "operating_profit": 6970.0,
        "ordinary_profit": 7790.000000000001,
        "net_profit": 4780.0,
        "eps": 12200.0,
        "roe": 147.8,
        "roa": 3.56,
        "operating_margin": 1.59,
        "cost_ratio": 2.79,
        "sga_ratio": 88.68
      },
      {
        "fiscal_year": "2023/12",
        "sales": 282700.0,
        "operating_profit": 12200.0,
        "ordinary_profit": 13900.0,
        "net_profit": 10100.0,
        "eps": 19000.0,
        "roe": 312.5,
        "roa": 6.69,
        "operating_margin": 3.17,
        "cost_ratio": 4.32,
        "sga_ratio": 87.8
      },
      {
        "fiscal_year": "2024/12",
        "sales": 292000.0,
        "operating_profit": 8500.0,
        "ordinary_profit": 9500.0,
        "net_profit": 7000.0,
        "roe": 214.42,
        "roa": 4.45,
        "operating_margin": 2.26,
        "cost_ratio": 2.91
      }
    ],
    "dividend_data": [
      {
        "fiscal_year": "2011/03",
        "total_dividend": 6.0,
        "dividend_yield": 1.8
      },
      {
        "fiscal_year": "2012/03",
        "total_dividend": 6.0,
        "dividend_yield": 1.91
      },
      {
        "fiscal_year": "2013/03",
        "total_dividend": 6.0,
        "dividend_yield": 2.65
      }
    ]
  },
  {
    "code": 5852,
    "name": "アーレスティ",
    "annual_data": [
      {
        "date": "2010/03/31",
        "per": -1,
        "pbr": 0.6,
        "is_per_red": true,
        "is_pbr_red": false
      },
      {
        "date": "2011/03/31",
        "per": 10.35,
        "pbr": 0.45,
        "is_per_red": false,
        "is_pbr_red": false
      },
      {
        "date": "2012/03/30",
        "per": 11.03,
        "pbr": 0.44,
        "is_per_red": false,
        "is_pbr_red": false
      },
      {
        "date": "2013/03/29",
        "per": -1,
        "pbr": 0.27,
        "is_per_red": true,
        "is_pbr_red": false
      },
      {
        "date": "2014/03/31",
        "per": 3.19,
        "pbr": 0.41,
        "is_per_red": false,
        "is_pbr_red": false
      },
      {
        "date": "2015/03/31",
        "per": 59.8,
        "pbr": 0.33,
        "is_per_red": false,
        "is_pbr_red": false
      },
      {
        "date": "2016/03/31",
        "per": 9.64,
        "pbr": 0.32,
        "is_per_red": false,
        "is_pbr_red": false
      },
      {
        "date": "2017/03/31",
        "per": 6.36,
        "pbr": 0.47,
        "is_per_red": false,
        "is_pbr_red": false
      },
      {
        "date": "2018/03/30",
        "per": 7.05,
        "pbr": 0.37,
        "is_per_red": false,
        "is_pbr_red": false
      },
      {
        "date": "2019/03/29",
        "per": 38.95,
        "pbr": 0.27,
        "is_per_red": false,
        "is_pbr_red": false
      },
      {
        "date": "2020/03/31",
        "per": -1,
        "pbr": 0.16,
        "is_per_red": true,
        "is_pbr_red": false
      },
      {
        "date": "2021/03/31",
        "per": -1,
        "pbr": 0.22,
        "is_per_red": true,
        "is_pbr_red": false
      },
      {
        "date": "2022/03/31",
        "per": -1,
        "pbr": 0.18,
        "is_per_red": true,
        "is_pbr_red": false
      },
      {
        "date": "2023/03/31",
        "per": -1,
        "pbr": 0.24,
        "is_per_red": true,
        "is_pbr_red": false
      },
      {
        "date": "2024/03/29",
        "per": -1,
        "pbr": 0.42,
        "is_per_red": true,
        "is_pbr_red": false
      }
    ],
    "daily_data": [],
    "financial_data": [
      {
        "fiscal_year": "2008/03",
        "sales": 129400.0,
        "operating_profit": 5820.0,
        "ordinary_profit": 6190.0,
        "net_profit": 3360.0,
        "roa": 7.43,
        "operating_margin": 3.3,
        "cost_ratio": 4.5,
        "sga_ratio": 87.48
      },
      {
        "fiscal_year": "2009/03",
        "sales": 104800.0,
        "operating_profit": -2670.0,
        "ordinary_profit": -4270.0,
        "net_profit": -6770.0,
        "roa": -1,
        "operating_margin": -1,
        "cost_ratio": -2.54,
        "sga_ratio": 93.64
      },
      {
        "fiscal_year": "2010/03",
        "sales": 75800.0,
        "operating_profit": 526.0,
        "ordinary_profit": 564.0,
        "net_profit": -59.0,
        "roe": -2.71,
        "roa": -1,
        "operating_margin": -1,
        "cost_ratio": 0.69,
        "sga_ratio": 88.54
      },
      {
        "fiscal_year": "2011/03",
        "sales": 99000.0,
        "operating_profit": 3770.0000000000005,
        "ordinary_profit": 3560.0,
        "net_profit": 1480.0,
        "eps": -618.0,
        "roe": 68.0,
        "roa": 4.31,
        "operating_margin": 1.58,
        "cost_ratio": 3.8,
        "sga_ratio": 86.63
      },
      {
        "fiscal_year": "2012/03",
        "sales": 103800.0,
        "operating_profit": 1370.0,
        "ordinary_profit": 888.0000000000001,
        "net_profit": 1420.0,
        "eps": 1110.0,
        "roe": 65.2,
        "roa": 4.02,
        "operating_margin": 1.35,
        "cost_ratio": 1.32,
        "sga_ratio": 89.33
      },
      {
        "fiscal_year": "2013/03",
        "sales": 105900.0,
        "operating_profit": 997.0000000000001,
        "ordinary_profit": 711.0,
        "net_profit": -167.0,
        "eps": 4050.0,
        "roe": -7.67,
        "roa": -1,
        "operating_margin": -1,
        "cost_ratio": 0.94,
        "sga_ratio": 90.22
      },
      {
        "fiscal_year": "2014/03",
        "sales": 126800.0,
        "operating_profit": 4450.0,
        "ordinary_profit": 4010.0,
        "net_profit": 5890.0,
        "eps": 11900.0,
        "roe": 269.5,
        "roa": 10.88,
        "operating_margin": 4.3,
        "cost_ratio": 3.51,
        "sga_ratio": 88.78
      },
      {
        "fiscal_year": "2015/03",
        "sales": 138700.0,
        "operating_profit": 2520.0,
        "ordinary_profit": 1620.0,
        "net_profit": 332.0,
        "eps": 7000.0,
        "roe": 12.86,
        "roa": 0.55,
        "operating_margin": 0.22,
        "cost_ratio": 1.82,
        "sga_ratio": 90.73
      },
      {
        "fiscal_year": "2016/03",
        "sales": 144500.0,
        "operating_profit": 5390.0,
        "ordinary_profit": 4079.9999999999995,
        "net_profit": 1960.0000000000002,
        "eps": -1310.0,
        "roe": 75.96,
        "roa": 3.32,
        "operating_margin": 1.41,
        "cost_ratio": 3.73,
        "sga_ratio": 88.8
      },
      {
        "fiscal_year": "2017/03",
        "sales": 136700.0,
        "operating_profit": 6909.999999999999,
        "ordinary_profit": 6260.0,
        "net_profit": 4620.0,
        "eps": 3170.0,
        "roe": 178.75,
        "roa": 7.47,
        "operating_margin": 3.42,
        "cost_ratio": 5.06,
        "sga_ratio": 86.91
      },
      {
        "fiscal_year": "2018/03",
        "sales": 145200.0,
        "operating_profit": 4720.0,
        "ordinary_profit": 4440.0,
        "net_profit": 3450.0,
        "eps": 3970.0000000000005,
        "roe": 133.4,
        "roa": 5.29,
        "operating_margin": 2.5,
        "cost_ratio": 3.25,
        "sga_ratio": 88.73
      },
      {
        "fiscal_year": "2019/03",
        "sales": 145400.0,
        "operating_profit": 3229.9999999999995,
        "ordinary_profit": 2910.0,
        "net_profit": 421.0,
        "eps": -3570.0000000000005,
        "roe": 16.25,
        "roa": 0.69,
        "operating_margin": 0.33,
        "cost_ratio": 2.22,
        "sga_ratio": 89.81
      },
      {
        "fiscal_year": "2020/03",
        "sales": 120600.0,
        "operating_profit": 764.0,
        "ordinary_profit": 405.99999999999994,
        "net_profit": -685.0,
        "eps": -3180.0,
        "roe": -26.74,
        "roa": -1,
        "operating_margin": -1,
        "cost_ratio": 0.63,
        "sga_ratio": 90.01
      },
      {
        "fiscal_year": "2021/03",
        "sales": 93000.0,
        "operating_profit": -2550.0,
        "ordinary_profit": -2090.0,
        "net_profit": -2840.0,
        "eps": -1789.9999999999998,
        "roe": -111.06,
        "roa": -1,
        "operating_margin": -1,
        "cost_ratio": -2.75,
        "sga_ratio": 92.93
      },
      {
        "fiscal_year": "2022/03",
        "sales": 116300.0,
        "operating_profit": -2420.0,
        "ordinary_profit": -2030.0,
        "net_profit": -5190.0,
        "eps": -2270.0,
        "roe": -201.22,
        "roa": -1,
        "operating_margin": -1,
        "cost_ratio": -2.08,
        "sga_ratio": 93.45
      },
      {
        "fiscal_year": "2023/03",
        "sales": 140900.0,
        "operating_profit": 23.0,
        "ordinary_profit": 94.0,
        "net_profit": -84.0,
        "eps": 3290.0,
        "roe": -3.24,
        "roa": -1,
        "operating_margin": -1,
        "cost_ratio": 0.02,
        "sga_ratio": 92.56
      },
      {
        "fiscal_year": "2024/03",
        "sales": 158300.0,
        "operating_profit": 2290.0,
        "ordinary_profit": 2570.0,
        "net_profit": -7700.0,
        "eps": -4110.0,
        "roe": -300.53,
        "roa": -1,
        "operating_margin": -1,
        "cost_ratio": 1.45,
        "sga_ratio": 91.21
      },
      {
        "fiscal_year": "2025/03",
        "sales": 160200.0,
        "operating_profit": 3050.0,
        "ordinary_profit": 2860.0,
        "net_profit": 100.0,
        "roe": 4.03,
        "roa": 0.19,
        "operating_margin": 0.07,
        "cost_ratio": 1.9
      }
    ],
    "dividend_data": [
      {
        "fiscal_year": "2010/03",
        "total_dividend": 5.0,
        "dividend_yield": 0.51
      },
      {
        "fiscal_year": "2011/03",
        "total_dividend": 12.0,
        "dividend_yield": 1.7
      },
      {
        "fiscal_year": "2012/03",
        "total_dividend": 6.0,
        "dividend_yield": 0.83
      },
      {
        "fiscal_year": "2013/03",
        "total_dividend": 3.0,
        "dividend_yield": 0.62
      }
    ]
  },
  {
    "code": 5857,
    "name": "ＡＲＥホールディングス",
    "annual_data": [
      {
        "date": "2010/03/31",
        "per": 13.37,
        "pbr": 1.95,
        "is_per_red": false,
        "is_pbr_red": false
      },
      {
        "date": "2011/03/31",
        "per": 9.98,
        "pbr": 1.77,
        "is_per_red": false,
        "is_pbr_red": false
      },
      {
        "date": "2012/03/30",
        "per": 10.94,
        "pbr": 1.66,
        "is_per_red": false,
        "is_pbr_red": false
      },
      {
        "date": "2013/03/29",
        "per": 16.08,
        "pbr": 1.74,
        "is_per_red": false,
        "is_pbr_red": false
      },
      {
        "date": "2014/03/31",
        "per": 9.13,
        "pbr": 1.19,
        "is_per_red": false,
        "is_pbr_red": false
      },
      {
        "date": "2015/03/31",
        "per": 11.64,
        "pbr": 1.33,
        "is_per_red": false,
        "is_pbr_red": false
      },
      {
        "date": "2016/03/31",
        "per": 17.33,
        "pbr": 1.02,
        "is_per_red": false,
        "is_pbr_red": false
      },
      {
        "date": "2017/03/31",
        "per": -1,
        "pbr": 1.48,
        "is_per_red": true,
        "is_pbr_red": false
      },
      {
        "date": "2018/03/30",
        "per": 7.32,
        "pbr": 1.22,
        "is_per_red": false,
        "is_pbr_red": false
      },
      {
        "date": "2019/03/29",
        "per": 8.78,
        "pbr": 1.16,
        "is_per_red": false,
        "is_pbr_red": false
      },
      {
        "date": "2020/03/31",
        "per": 9.05,
        "pbr": 1.29,
        "is_per_red": false,
        "is_pbr_red": false
      },
      {
        "date": "2021/03/31",
        "per": 6.48,
        "pbr": 1.7,
        "is_per_red": false,
        "is_pbr_red": false
      },
      {
        "date": "2022/03/31",
        "per": 9.51,
        "pbr": 1.69,
        "is_per_red": false,
        "is_pbr_red": false
      },
      {
        "date": "2023/03/31",
        "per": 14.32,
        "pbr": 1.45,
        "is_per_red": false,
        "is_pbr_red": false
      },
      {
        "date": "2024/03/29",
        "per": 6.05,
        "pbr": 1.17,
        "is_per_red": false,
        "is_pbr_red": false
      }
    ],
    "daily_data": [],
    "financial_data": [
      {
        "fiscal_year": "2010/03",
        "sales": 82600.0,
        "operating_profit": 7890.000000000001,
        "ordinary_profit": 4380.0,
        "eps": 60.37,
        "roe": 14.56,
        "roa": 8.73,
        "operating_margin": 9.55,
        "cost_ratio": 85.26,
        "sga_ratio": 5.19
      },
      {
        "fiscal_year": "2011/03",
        "sales": 110500.0,
        "operating_profit": 10700.0,
        "ordinary_profit": 6140.0,
        "net_profit": 5890.0,
        "eps": 84.73,
        "roe": 17.69,
        "roa": 10.39,
        "operating_margin": 9.65,
        "cost_ratio": 86.04,
        "sga_ratio": 4.31
      },
      {
        "fiscal_year": "2012/03",
        "sales": 151100.0,
        "operating_profit": 11200.0,
        "ordinary_profit": 5930.0,
        "net_profit": 6150.0,
        "eps": 81.73,
        "roe": 15.18,
        "roa": 10.16,
        "operating_margin": 7.42,
        "cost_ratio": 89.35,
        "sga_ratio": 3.23
      },
      {
        "fiscal_year": "2013/03",
        "sales": 96400.0,
        "operating_profit": 7500.0,
        "ordinary_profit": 4520.0,
        "net_profit": 4840.0,
        "eps": 62.31,
        "roe": 10.82,
        "roa": 7.26,
        "operating_margin": 7.78,
        "cost_ratio": 86.71,
        "sga_ratio": 5.52
      },
      {
        "fiscal_year": "2014/03",
        "sales": 94300.0,
        "operating_profit": 9630.0,
        "ordinary_profit": 5970.0,
        "net_profit": 6420.0,
        "eps": 91.75,
        "roe": 13.04,
        "roa": 9.03,
        "operating_margin": 10.22,
        "cost_ratio": 83.84,
        "sga_ratio": 5.95
      },
      {
        "fiscal_year": "2015/03",
        "sales": 111400.0,
        "operating_profit": 10500.0,
        "ordinary_profit": 5770.0,
        "net_profit": 5970.0,
        "eps": 88.43,
        "roe": 11.37,
        "roa": 5.49,
        "operating_margin": 9.41,
        "cost_ratio": 79.29,
        "sga_ratio": 11.3
      },
      {
        "fiscal_year": "2016/03",
        "sales": 119400.0,
        "ordinary_profit": 2870.0,
        "net_profit": -54.0,
        "eps": 43.74,
        "roe": 5.9,
        "roa": 2.82,
        "operating_margin": 7.29,
        "cost_ratio": 77.69,
        "sga_ratio": 14.28
      },
      {
        "fiscal_year": "2017/03",
        "sales": 106800.0,
        "operating_profit": 2039.9999999999998,
        "ordinary_profit": -1210.0,
        "net_profit": -2350.0,
        "eps": -18.6,
        "roe": -1,
        "roa": -1,
        "operating_margin": 1.91
      },
      {
        "fiscal_year": "2018/03",
        "sales": 115800.0,
        "operating_profit": 13800.0,
        "ordinary_profit": 9420.0,
        "net_profit": 9540.0,
        "eps": 135.38,
        "roe": 14.61,
        "roa": 7.16,
        "operating_margin": 11.91,
        "cost_ratio": 75.56,
        "sga_ratio": 12.44
      },
      {
        "fiscal_year": "2019/03",
        "sales": 110400.0,
        "operating_profit": 13400.0,
        "ordinary_profit": 9000.0,
        "net_profit": 7630.0,
        "eps": 114.06,
        "roe": 13.27,
        "roa": 5.62,
        "operating_margin": 12.17,
        "cost_ratio": 81.23,
        "sga_ratio": 6.55
      },
      {
        "fiscal_year": "2020/03",
        "sales": 135600.0,
        "operating_profit": 18000.0,
        "ordinary_profit": 9850.0,
        "net_profit": 5690.0,
        "eps": 125.11,
        "roe": 14.23,
        "roa": 4.28,
        "operating_margin": 13.29,
        "cost_ratio": 80.68,
        "sga_ratio": 5.29
      },
      {
        "fiscal_year": "2021/03",
        "sales": 164800.0,
        "operating_profit": 25100.0,
        "ordinary_profit": 25700.0,
        "net_profit": 33400.0,
        "eps": 326.89,
        "roe": 26.28,
        "roa": 10.51,
        "operating_margin": 15.25,
        "cost_ratio": 80.09,
        "sga_ratio": 4.41
      },
      {
        "fiscal_year": "2022/03",
        "sales": 192400.0,
        "operating_profit": 26400.0,
        "ordinary_profit": 18700.0,
        "net_profit": 15200.0,
        "eps": 238.11,
        "roe": 17.82,
        "roa": 6.28,
        "operating_margin": 13.74,
        "cost_ratio": 81.99,
        "sga_ratio": 4.0
      },
      {
        "fiscal_year": "2023/03",
        "sales": 274200.0,
        "operating_profit": 16300.0,
        "ordinary_profit": 10900.0,
        "net_profit": 12800.0,
        "eps": 141.18,
        "roe": 10.22,
        "roa": 3.8,
        "operating_margin": 5.94,
        "cost_ratio": 91.13,
        "sga_ratio": 2.5
      },
      {
        "fiscal_year": "2024/03",
        "sales": 322300.0,
        "operating_profit": 12400.0,
        "ordinary_profit": 24500.0,
        "net_profit": 26300.0,
        "eps": 319.53,
        "roe": 19.36,
        "roa": 7.7,
        "operating_margin": 3.84,
        "cost_ratio": 93.37,
        "sga_ratio": 2.53
      },
      {
        "fiscal_year": "2025/03",
        "sales": 480000.0,
        "operating_profit": 18000.0,
        "ordinary_profit": 13100.0,
        "eps": 171.61,
        "roe": 10.13,
        "roa": 3.54,
        "operating_margin": 3.75
      }
    ],
    "dividend_data": [
      {
        "fiscal_year": "2010/03",
        "total_dividend": 50.0,
        "dividend_yield": 25.0
      },
      {
        "fiscal_year": "2011/03",
        "total_dividend": 50.0,
        "dividend_yield": 25.0
      },
      {
        "fiscal_year": "2012/03",
        "total_dividend": 60.0,
        "dividend_yield": 30.0
      },
      {
        "fiscal_year": "2013/03",
        "total_dividend": 60.0,
        "dividend_yield": 30.0
      }
    ]
  },
  {
    "code": 5858,
    "name": "ＳＴＧ",
    "annual_data": [
      {
        "date": "2024/03/29",
        "per": 10.14,
        "pbr": 1.38,
        "is_per_red": false,
        "is_pbr_red": false
      }
    ],
    "daily_data": [],
    "financial_data": [
      {
        "fiscal_year": "2019/03",
        "sales": 2400.0,
        "ordinary_profit": 198.0,
        "net_profit": 156.0,
        "eps": 152.0,
        "roe": 204.41,
        "operating_margin": 9.82
      },
      {
        "fiscal_year": "2020/03",
        "sales": 2450.0,
        "ordinary_profit": 188.0,
        "net_profit": 160.0,
        "eps": 169.0,
        "roe": 190.3,
        "operating_margin": 8.45
      },
      {
        "fiscal_year": "2021/03",
        "sales": 1980.0,
        "ordinary_profit": -43.0,
        "net_profit": 75.0,
        "eps": 31.0,
        "roe": 89.48,
        "operating_margin": 1.76
      },
      {
        "fiscal_year": "2022/03",
        "sales": 3500.0,
        "operating_profit": 87.0,
        "ordinary_profit": 156.0,
        "net_profit": 88.0,
        "eps": 117.0,
        "roe": 105.49,
        "roa": 9.69,
        "operating_margin": 2.14,
        "cost_ratio": 2.5,
        "sga_ratio": 77.58
      },
      {
        "fiscal_year": "2023/03",
        "sales": 4680.0,
        "operating_profit": 196.0,
        "ordinary_profit": 285.0,
        "net_profit": 192.0,
        "eps": 334.0,
        "roe": 228.44,
        "roa": 15.51,
        "operating_margin": 3.77,
        "cost_ratio": 4.19,
        "sga_ratio": 78.09
      },
      {
        "fiscal_year": "2024/03",
        "sales": 5240.0,
        "operating_profit": 298.0,
        "ordinary_profit": 301.0,
        "net_profit": 198.0,
        "eps": 227.0,
        "roe": 238.08,
        "roa": 11.61,
        "operating_margin": 3.36,
        "cost_ratio": 5.69,
        "sga_ratio": 77.7
      },
      {
        "fiscal_year": "2025/03",
        "sales": 6040.0,
        "operating_profit": 378.0,
        "ordinary_profit": 330.0,
        "net_profit": 230.0,
        "roe": 224.78,
        "roa": 11.05,
        "operating_margin": 3.59,
        "cost_ratio": 6.26
      }
    ],
    "dividend_data": [
      {
        "fiscal_year": "2020/03"
      },
      {
        "fiscal_year": "2021/03"
      },
      {
        "fiscal_year": "2022/03"
      },
      {
        "fiscal_year": "2023/03"
      },
      {
        "fiscal_year": "2024/03",
        "total_dividend": 1.04
      }
    ]
  }
]